5242 6192
2692 822 3031 923 (4)

1439 1025 1852 1124 implicatur.
1977 1019 2160 1100 Nam
2227 1021 2564 1097 interdum
2652 1043 2739 1097 ex
2810 1024 3123 1098 obscuris
3190 1039 3260 1094 et
3334 1021 3831 1118 semiperfectis
3902 993 4261 1106 sententiis

1446 1158 1670 1227 omnis
1729 1173 2010 1237 eorum,
2076 1171 2250 1246 quae
2314 1173 2392 1222 ea
2443 1171 2841 1246 tempestate
2896 1150 3327 1237 acciderunt,
3372 1154 3615 1239 notitia
3658 1153 4083 1254 colligenda,
4156 1162 4261 1227 in·

1448 1283 1712 1352 terdum
1763 1279 2174 1352 inductionis
2211 1277 2471 1350 auxilio
2511 1301 2597 1350 ex
2642 1289 2863 1350 rerum
2916 1275 3257 1374 gestarum
3295 1280 3466 1348 serie
3512 1285 3909 1354 narrationis
3946 1284 4265 1356 defectus

1459 1427 1531 1478 et
1582 1406 1863 1478 lacunae
1927 1402 2341 1499 supplendae
2395 1426 2588 1492 suntt,
2659 1427 3171 1512 nonnumquam
3224 1407 3425 1475 etiam
3482 1426 3568 1476 ex
3625 1411 4029 1501 comparatis
4088 1411 4270 1480 inter

1451 1554 1524 1604 se
1566 1553 1950 1626 temporum
2003 1534 2184 1603 notis
2206 1582 2229 1617 ,
2283 1553 2452 1625 quas
2491 1533 2838 1604 ambarum
2873 1535 3169 1625 partium
3222 1532 3589 1622 scriptores
3625 1537 3990 1605 memoriae
4023 1533 4261 1626 prodi-

1450 1659 1733 1744 derunt,
1789 1659 2070 1728 historia
2113 1677 2198 1728 ex
2246 1657 2659 1730 densissimis
2708 1660 3110 1728 tenebrisin
3147 1657 3373 1729 Iuce‘m
3424 1661 3751 1754 emergit,
3806 1660 4260 1754 falsarumque

1453 1773 1857 1878 opinionum
1917 1784 2321 1853 commentis
2377 1782 2773 1854 felicissime
2833 1770 3180 1856 liberatur.
3296 1785 3394 1856 At
3439 1783 3606 1855 haec
3660 1783 3885 1858 omnia
3944 1793 4293 1880 magnum·

1456 1906 1671 1982 otium
1715 1911 2068 2002 requirunt
2104 1927 2172 1977 et
2211 1910 2598 2002 patientiam
2621 1961 2644 1994 ,
2683 1931 2812 1982 nec
2854 1913 3023 1982 intra
3058 1912 3264 1981 breve
3300 1928 3569 2000 tempus
3606 1909 3733 1981 rite
3779 1889 4008 1983 evolvi
4040 1931 4108 1982 et
4145 1927 4263 1981 ex-

1453 2037 1701 2129 plicari
1737 2053 2046 2128 possunt.
2101 2033 2547 2128 Quapropter
2579 2029 2743 2104 licet
2781 2037 3239 2126 maximopere
3270 2031 3661 2103 laudandam
3698 2054 3844 2103 esse
3862 2035 4268 2108 censeamus

1453 2177 1694 2232 corum
1757 2161 2188 2245 industriam,
2241 2163 2362 2251 qui
2406 2161 2732 2270 majorem
2784 2161 3103 2276 aliquam
3129 2179 3389 2276 partem
3440 2153 3788 2231 Historiae
3832 2161 4061 2233 Medii
4092 2162 4277 2232 Aevi

1457 2289 1598 2359 sibi
1625 2287 2030 2360 tractandam
2092 2265 2739 2380 describendamque
2785 2305 3205 2374 sumserunt,
3236 2289 3340 2358 uti
3376 2308 3441 2358 v.
3478 2305 3548 2380 g.
3600 2288 3671 2355 in
3713 2265 4269 2376 expeditionibus

1452 2409 1687 2484 Cruce
1723 2416 2137 2507 signatorum
2175 2413 2483 2484 fecerunt
2519 2433 2741 2506 nuper
2772 2413 3138 2485 admodum
3176 2407 4066 2499 MichaudiuS,HakeniuS,
4095 2413 4275 2484 Mil-

1455 2521 1631 2624 lius,
1683 2542 2102 2632 caeterisque
2159 2537 2475 2612 omnibus
2517 2539 2721 2612 faciIe
2779 2537 3291 2632 anteponendus
3328 2534 3774 2636 XNilkeniusg
3822 2536 4267 2609 nihilominus

1455 2681 1680 2734 tamen
1737 2649 2073 2758 ejusmodi
2128 2687 2344 2760 opera·
2387 2670 2600 2763 mag-is
2668 2667 3163 2763 elegantiorum
3209 2665 3565 2736 hominum
3624 2663 4009 2758 desideriis,
4062 2688 4265 2759 quam
4322 2732 4331 2740 .

1457 2789 1822 2862 doctorum
1893 2795 2408 2865 necessitatibus
2486 2793 2904 2867 satisfactura
2960 2769 3117 2864 esse·
3168 2793 3509 2864 existimo.
3626 2787 3844 2883 Quod
3907 2790 3961 2861 si
4018 2792 4267 2884 singuli

1451 2917 1603 2987 Viri
1652 2917 1923 2988 Eruditi
1965 2897 2111 2988 'non
2174 2921 2242 2988 in
2305 2919 2614 3010 universa
2662 2921 2947 2990 istarum
3009 2920 3523 3010 expeditionum·
3567 2919 3755 2988 ‘s‘erie
3816 2917 4217 3007 exponenda
4236 2921 4287 2998 ’ξ

1455 3041 1682 3110 sedin
1732 3041 1960 3132 aliqua
2008 3063 2197 3135 parte
2253 3043 2554 3116 diuturni
2609 3042 2796 3114 illius
2842 3041 3007 3114 belli
3059 3047 3270 3130 sacri,
3323 3065 3453 3136 per·
3496 3042 3635 3113 duo
3688 3041 3827 3112 fere
3886 3041 4135 3111 secula·
4168 3042 4269 3109 in-

1460 3185 1563 3236 ter
1636 3163 2061 3238 Christianos
2116 3167 2649 3263 Moslemosque
2707 3173 2927 3266 gesti,
2992 3174 3374 3243 accuratius
3434 3167 3895 3252 enucleanda,
3969 3163 4265 3252 studium

1459 3293 1654 3364 suum
1696 3294 2122 3385 posuissent,
2173 3296 2426 3385 procul
2473 3297 2686 3368 dubio
2744 3319 2923 3389 opus
2972 3299 3428 3388 suscepissent
3479 3297 3677 3368 unius
3721 3271 4059 3378 hominis,
4109 3289 4271 3362 alia·
4360 3299 4371 3308 “

1456 3441 1604 3489 rum
1657 3440 1855 3512 saepe
1909 3441 2132 3492 rerum
2183 3419 2412 3520 studio
2449 3421 2793 3506 distracti,
2836 3423 2985 3492 otio
3024 3441 3093 3491 et
3126 3423 3385 3492 viribus
3416 3401 4039 3506 accommodatius,
4094 3415 4271 3488 mul-

1465 3562 1696 3634 tasque
1745 3545 2215 3633 difficultates,
2269 3547 2518 3641 quibus
2572 3545 2849 3618 illorum
2904 3566 3291 3639 temporum
3348 3546 3632 3615 historia
3685 3545 4059 3636 premitur,
4113 3543 4265 3626 feli-

1461 3673 1608 3739 cius
1665 3673 2132 3742 removissent.
2243 3670 2495 3767 Neque
2569 3695 2737 3744 vero
2798 3671 3013 3759 haec,
3088 3692 3260 3764 quae
3318 3670 3649 3756 diximus,
3715 3673 3805 3740 ita
3873 3670 4269 3760 accipienda

1464 3795 1664 3884 s‘unt,
1739 3783 1940 3890 quasi'
1987 3793 2155 3864 belli
2221 3800 2388 3867 sacri
2438 3775 3089 3868 aeterna'memoria
3131 3795 3511 3889 dignissimi
3558 3797 3853 3888 speciem
3914 3816 4053 3882 uno
4106 3793 4289 3864 con-'

1461 3931 1706 4014 spectu·
1767 3920 2278 4017 proponendam
2347 3943 2491 3992 esse
2545 3943 2965 4017 negaremus.
3082 3919 3467 4014 Quomodo
3525 3902 3705 3988 enim
3758 3921 4119 4010 quisquam
4180 3915 4277 3986 de

1461 4066 1680 4117 retum
1738 4071 1816 4121 ea
1866 4065 2264 4141 tempestate
2321 4067 2661 4146 gestarum
2712 4048 2968 4118 caussis
3022 4063 3093 4116 et
3155 4043 3527 4116 rationibus
3582 4045 3709 4113 rite
3767 4041 4075 4135 J‘udicet,
4148 4047 4298 4112 aut*

1465 4169 1635 4244 tanti
1669 4166 2077 4266 majestatem
2139 4171 2534 4266 spectaculi
2570 4174 2727 4242 satis
2784 4189 3216 4265 assequatur,
3282 4169 3414 4238 nisi
3462 4187 3686 4237 earum
3738 4184 3986 4237 nexum
4042 4187 4113 4237 et
4148 4187 4291 4276 θεῖ

1463 4300 1634 4372 riem
1673 4291 2146 4371 cohaerentem
2202 4319 2278 4370 et
2325 4300 2722 4372 continuam
2763 4295 3318 4390 contempletur?
3378 4292 3475 4364 At
3522 4269 3857 4388 ejusmodi
3906 4288 4269 4383 jucundis-

4219 4417 4255 4434 0·-

4182 4435 4274 4488 SR·
