5242 6192
824 1010 1087 1081 hidae.
1122 1018 1303 1086 quern
1336 1006 1461 1071 dno
1488 1006 1731 1088 priores
1760 1002 2027 1086 produnt
2047 1047 2069 1081 ,
2110 1004 2330 1071 incidit
2368 1006 2673 1070 in'feristn
2703 1010 3004 1087 septimam
3033 1008 3320 1088 diemque
3353 1011 3664 1079 Februarii

826 1113 1193 1186 secundum,
1239 1102 1455 1175 velex
1496 1114 1727 1174 ratione
1775 1113 1910 1173 anni
1958 1114 2201 1186 civilis,
2260 1113 2366 1189 qni
2418 1128 2531 1172 una
2582 1112 2686 1171 die
2723 1116 2918 1174 serius
2963 1116 3220 1195 incipit,
3275 1118 3336 1177 in
3387 1119 3664 1185 tertium.

826 1221 1139 1283 Diversum
1173 1218 1555 1295 computandi
1594 1217 1747 1279 viam
1778 1232 2019 1307 secutus
2049 1231 2143 1279 est
2170 1218 2557 1289 Nuweirins,
2592 1215 2755 1280 diem
2785 1233 3114 1279 memorans
3153 1236 3222 1297 17
3245 1220 3664 1296 mainadas,

821 1340 1001 1400 atque
1038 1320 1186 1383 adeo
1214 1322 1308 1381 vel
1342 1338 1525 1383 unum
1566 1320 1769 1396 diem,
1808 1325 1912 1382 vel
1952 1322 2198 1385 biduum
2222 1365 2243 1396 ,
2278 1322 2626 1398 discrepans
2657 1337 2690 1379 a
2725 1336 2896 1385 vero.
2973 1325 3150 1385 Diem
3190 1326 3347 1384 enim
3380 1328 3663 1400 quintum

824 1429 1140 1489 Februarii
1183 1440 1396 1489 verum
1441 1430 1531 1490 rei
1570 1442 1805 1504 teinpus
1830 1470 1851 1501 ,
1890 1442 2147 1503 suasque
2184 1430 2441 1491 rationes
2490 1428 2665 1487 falsas
2707 1440 2834 1487 esse
2878 1428 3018 1487 satis
3055 1429 3348 1504 profecto
3395 1430 3661 1505 produnt

828 1533 940 1607 ipsi
990 1532 1236 1592 Arabici
1287 1534 1657 1608 scriptores,
1714 1546 1853 1591 cum
1892 1530 1964 1591 ad
2006 1549 2188 1593 unum
2240 1548 2447 1595 omnes
2501 1535 2560 1592 in
2602 1533 2756 1591 feria
2799 1532 2979 1592 tertia
3016 1532 3380 1594 memoranda
3420 1550 3669 1595 consen-

824 1640 992 1701 tiant.
1066 1637 1432 1713 inopinatam
1470 1650 1627 1696 vero
1663 1638 1887 1698 Sult'ani
1926 1636 2125 1711 fugam
2172 1638 2668 1713 Francorumque
2707 1636 2768 1695 in
2815 1617 3002 1711 ripam
3047 1639 3402 1700 orientalem
3457 1644 3668 1702 transi·

824 1754 950 1801 tum
990 1743 1287 1801 miraculo
1332 1738 1589 1816 quodam
1640 1754 1703 1799 et
1742 1741 1908 1816 qussi
1958 1740 2247 1802 divinitus
2290 1740 2585 1802 accidisse
2632 1740 2974 1799 existimant
3010 1739 3490 1801 Christianorum
3528 1747 3660 1817 ple·

821 1846 1024 1917 rique.
1112 1846 1253 1903 Nec
1302 1856 1533 1915 tamen,
1573 1843 1736 1919 quod
1782 1846 2159 1905 recentiores
2198 1848 2564 1922 opinantur,
2621 1842 2895 1902 omnibns
2947 1844 3112 1903 illius
3159 1846 3292 1905 aevi
3337 1846 3661 1921 scriptori·

815 1944 931 2005 bus
953 1990 973 2018 ,
1013 1962 1151 2007 vera
1188 1949 1486 2008 turbarum
1524 1964 1769 2020 caussa,
1806 1949 2241 2026 seditionisque
2278 1965 2487 2011 auctor
2510 1946 2994 2020 Emsdoddinus,
3031 1950 3208 2025 plane
3251 1950 3491 2018 ignotus
3519 1951 3663 2011 fuit.

820 2048 1145 2113 Audiamus
1180 2052 1293 2110 hac
1336 2051 1415 2111 de
1449 2066 1521 2109 re
1556 2050 1959 2113 disserentem
1991 2054 2361 2113 Bet-nardum
2395 2052 2894 2124 Thesaurarium,
2941 2051 3226 2128 illiusque
3268 2053 3470 2111 locum
3505 2052 3666 2112 huc-

818 2166 1011 2228 usque
1045 2156 1219 2231 plane
1257 2158 1597 2231 neglectum
1621 2199 1642 2230 ,
1682 2172 1759 2217 ex
1788 2156 2018 2219 Mutat.
2056 2156 2200 2219 Rer.
2236 2156 2381 2220 Ital.
2421 2158 2667 2252 Scriptt.
2705 2156 2785 2217 Τ.
2813 2155 2983 2228 v11.f
2996 2174 3062 2232 p.
3093 2157 3198 2227 831
3239 2172 3332 2230 sq.
3373 2152 3672 2231 producu-

820 2270 917 2314 rnu
924 2272 975 2317 s.
1074 2259 1167 2315 De
1196 2258 1433 2319 discessu
1476 2259 1717 2321 Soldani
1758 2258 1798 2337 (
1815 2261 2012 2336 inquit
2025 2256 2065 2334 )
2100 2272 2160 2319 et
2211 2278 2437 2321 suorum
2453 2302 2475 2333 ,
2532 2262 2711 2321 talem
2738 2274 2994 2319 oausam
3033 2262 3293 2333 assignat
3332 2259 3668 2320 Bernardus
3731 2309 3740 2318 .

818 2357 1231 2421 Thesauros-ius
1245 2402 1266 2435 ,
1303 2364 1455 2439 quod
1492 2369 1652 2425 inter
1684 2364 1991 2424 soldanum
2029 2375 2089 2422 et
2121 2364 2496 2424 Admiratusn
2539 2364 2818 2438 quaedam
2843 2363 2978 2439 ficit
3026 2360 3172 2423 orta'
3199 2364 3526 2437 discordia3
3565 2382 3662 2423 vo-

818 2464 976 2523 lebat
1016 2470 1167 2526 enim
1200 2468 1473 2527 Soldanus
1504 2484 1633 2529 eum
1667 2469 1750 2527 ad
1788 2468 2099 2529 custodiam
2138 2470 2459 2528 Damiatae
2486 2464 2830 2543 praeficere3
2867 2468 2974 2529 ille
3019 2485 3154 2527 vero
3194 2469 3500 2528 recusabat
3514 2507 3535 2537 ,
3575 2468 3664 2526 di·

821 2585 945 2627 cens
976 2570 1127 2644 quod
1157 2588 1329 2645 quum
1372 2570 1684 2631 Saladinus
1702 2582 1957 2647 patruus
1990 2576 2169 2647 ipsius
2188 2580 2424 2645 patrem
2454 2574 2632 2645 ipsius
2672 2569 2977 2628 Admirati
3010 2568 3094 2628 ad
3136 2569 3320 2629 Accon
3354 2569 3666 2629 custodiam

808 2678 1222 2749 praeposuisset
1237 2713 1260 2746 ,
1291 2686 1489 2750 passus
1535 2675 1701 2735 illum
1728 2674 1945 2751 fuerat
1984 2690 2026 2733 a
2071 2650 2420 2736 Christianis
2479 2675 2796 2747 captivari.
2886 2675 3090 2750 Sicque
3127 2672 3470 2733 Admiratus
3517 2676 3666 2733 elam

819 2776 889 2834 de
930 2789 1090 2837 noete
1123 2778 1371 2839 discessit
1420 2796 1546 2839 cum
1595 2783 1709 2840 suis
1726 2818 1747 2851 ,
1806 2784 2011 2841 timens
2060 2798 2103 2840 a
2154 2775 2397 2841 Soldano
2445 2779 2780 2837 violentiam
2811 2782 2974 2857 pati.
3073 2778 3488 2837 Saracenorum
3531 2794 3667 2837 vero
3699 2834 3711 2845 ,

812 2858 1093 2939 excubiae
1108 2920 1129 2952 ,
1164 2897 1291 2940 cum
1326 2881 1619 2945 audissent
1647 2902 1916 2960 equorum
1959 2888 2262 2961 strepitum
2283 2920 2304 2953 ,
2340 2883 2616 2955 suspicati
2647 2881 3030 2955 proditionem
3050 2916 3074 2951 ,
3113 2896 3169 2939 se
3199 2884 3262 2939 in
3278 2880 3494 2957 fugam
3534 2899 3661 2941 con·

812 2994 1137 3046 verterunt.
1171 3010 1253 3030 -
1288 2985 1563 3047 Soldanus
1590 3003 1727 3047 svero
1741 3028 1762 3061 ,
1800 3004 1971 3064 quum
1998 2988 2339 3063 cognovisset
2373 2983 2684 3044 Admirati
2717 2982 3012 3045 discessum
3034 3026 3055 3059 ,
3093 2988 3297 3044 timens
3327 3000 3453 3043 cum
3485 2980 3660 3043 Chri-

815 3090 1019 3147 stianis
1058 3088 1325 3165 congredi
1344 3128 1367 3162 ,
1404 3094 1609 3153 statim
1651 3096 1859 3153 castris
1900 3094 2121 3155 relictis
2157 3090 2433 3154 discessit.
2512 3087 2741 3151 Eadem
2778 3090 2911 3151 fere
2951 3068 3344 3165 reperiuntur
3397 3090 3457 3147 in
3505 3088 3656 3147 Wil—

814 3192 993 3251 iermi
1030 3190 1205 3267 Tyrii
1246 3195 1691 3257 continuatore
1744 3197 1820 3260 C.
1858 3212 1957 3276 72.
1996 3216 2059 3275 p.
2096 3196 2246 3273 684,
2302 3194 2409 3269 qui
2459 3204 2654 3254 tamen
2699 3195 2808 3255 slis
2849 3193 3050 3269 addit,
3109 3194 3169 3252 in
3221 3190 3354 3250 aliis
3394 3205 3426 3250 a
3461 3190 3656 3251 Latini

796 3296 1139 3369 ·scriptoris
1186 3301 1547 3363 auctoritate
1580 3301 1867 3367 discedit.
1946 3302 2051 3362 Sic
2090 3318 2153 3364 ν.
2187 3316 2245 3376 g.
2285 3312 2485 3359 narrat
2529 3298 3004 3361 Emadoddinum
3028 3338 3049 3371 ,
3089 3311 3225 3356 cum
3265 3292 3658 3361 discederet,

818 3399 1139 3474 reliquisse
1188 3406 1451 3463 tentoria
1488 3422 1549 3467 et
1573 3406 2039 3489 impedimenta,
2078 3418 2153 3465 ne
2190 3404 2333 3478 fuga
2368 3420 2472 3464 sua
2508 3406 2947 3467 innotesceret.
3002 3404 3197 3461 Porro
3235 3394 3387 3454 dicit
3417 3396 3656 3454 Sarace-

812 3516 924 3560 nos
953 3541 974 3572 ,
1012 3517 1147 3561 cum
1188 3502 1471 3567 audirent
1508 3510 1879 3572 Christianos
1925 3512 2149 3573 flumen
2189 3523 2222 3566 a
2266 3509 2625 3571 custodibus
2675 3508 2983 3564 desertum
3021 3499 3372 3571 transiisse,
3411 3501 3652 3574 cepisse

804 3619 966 3665 arma
1008 3620 1069 3667 et
1114 3610 1175 3666 in
1207 3608 1411 3668 hostes
1446 3614 1839 3676 contendisse
1862 3656 1883 3686 ,
1944 3614 2247 3673 sultanum
2290 3627 2480 3682 vero,
2514 3610 2826 3670 intellecta
2857 3606 3052 3668 Emit-i
3097 3604 3283 3678 fuga,
3320 3601 3649 3664 discedere

814 3724 988 3783 quam
1032 3724 1299 3785 pugnare
1336 3711 1633 3774 maluisse.
2598 3758 2605 3767 -

887 3807 1071 3889 (49)
1108 3815 1243 3873 Tum
1274 3831 1555 3875 conscenso
1590 3832 1728 3892 equo
1766 3814 1939 3895 etc.]
1994 3818 2166 3894 Quae
2204 3819 2266 3881 h.
2312 3822 2357 3882 1.
2393 3816 2636 3895 prodita
2671 3820 2956 3892 leguntur
2986 3828 3018 3873 a
3055 3810 3404 3883 Makrizio,
3443 3808 3654 3871 distin-

812 3916 979 3974 ctius
1040 3930 1103 3977 et
1152 3918 1369 3977 clarius
1422 3920 1710 3995 exposuit
1752 3921 2152 3993 aneirius,
2211 3924 2361 3983 licet
2398 3924 2810 3997 maximopere
2866 3932 3071 3990 erret,
3131 3919 3188 3977 al
3249 3916 3546 3977 Maiekum
3601 3914 3653 3971 ai

816 4018 1313 4081 Mondhdhamnm
1328 4023 1713 4084 Mansouram
1750 4022 1911 4101 apud
1944 4026 2189 4086 fratrem
2223 4028 2279 4086 nl
2312 4027 2619 4089 camelum
2654 4025 2890 4087 venisse
2923 4024 3202 4086 scribens
3227 4061 3248 4092 ,
3289 4034 3423 4078 cum
3457 4020 3509 4077 al
3545 4018 3661 4077 Ca·

820 4122 1017 4181 melus
1049 4138 1169 4182 non
1206 4138 1345 4184 ante
1376 4136 1567 4187 cestra
1606 4126 1970 4190 Mansourae
2001 4132 2316 4206 posuerit,
2356 4147 2527 4205 quam
2564 4130 2882 4207 Dimyaths
2911 4145 2943 4187 a
2983 4126 3226 4187 Francis
3262 4136 3430 4200 capta
3471 4134 3650 4182 esset.

818 4226 959 4286 Nec
997 4229 1174 4287 etism
1205 4230 1267 4287 in
1308 4244 1582 4305 tempore
1612 4230 1904 4293 adventus
1938 4236 1991 4292 al
2032 4232 2458 4294 Moadhdhami
2486 4230 2856 4309 designando
2879 4273 2902 4306 ,
2941 4233 3081 4293 satis
3115 4240 3430 4291 accuratus
3465 4226 3658 4287 fuisse

818 4329 1063 4392 Vffletur
1088 4372 1110 4407 2
1146 4344 1337 4406 quem
1356 4332 1552 4396 refert
1591 4332 1665 4393 ad
1710 4334 1869 4399 diem
1908 4352 1987 4413 29
2021 4337 2440 4408 Dzuikaadae,
2478 4337 2808 4413 fei-iamque
2855 4337 3162 4414 quintam,
3215 4346 3352 4394 cuin
3391 4332 3490 4392 ilis
3537 4326 3658 4385 diei

818 4458 829 4467 '
2350 4440 2413 4502 Ν
2448 4458 2485 4499 2
2879 4444 2888 4451 ’
3496 4442 3661 4489 mens
