5242 6192
2015 804 2444 951 .(⁸¹)

834 1008 1139 1064 commotus
1181 1008 1265 1057 est
1280 1035 1301 1069 ,
1356 1014 1455 1059 nec
1493 1012 1709 1060 moeror
1748 1000 1927 1076 ipsum
1980 1002 2223 1078 reliquit
2240 1042 2262 1075 ,
2314 1001 2483 1063 donec
2540 1014 2859 1065 moreretur
2873 1044 2895 1079 ,
2940 1021 3115 1066 annos
3167 1015 3342 1064 natus
3394 1022 3566 1065 unum
3606 1016 3666 1065 et

834 1108 1226 1184 septuaginta.
1280 1132 1360 1186 -ξ-
1415 1102 1679 1164 Decessus
1724 1104 1885 1163 illius
1940 1110 2155 1165 nemini
2200 1110 2455 1182 cognitus
2501 1106 2638 1183 fuit
2687 1112 2801 1167 nisi
2854 1106 3249 1168 Kerimoddino
3303 1106 3669 1171 Khalatensi.

828 1210 1061 1271 Aberat
1087 1212 1237 1268 enim
1261 1206 1417 1281 filius
1456 1210 1524 1268 al
1550 1206 1815 1268 Malekus
1846 1210 1915 1269 al
1942 1206 2398 1271 Moadhdhamus
2436 1210 2533 1271 na
2564 1210 2854 1287 Neapoli,
2895 1222 2955 1270 et
2991 1230 3117 1273 cum
3152 1208 3388 1271 Francis
3417 1208 3519 1271 hoc
3554 1216 3670 1287 ipso

828 1329 1015 1372 mense
1042 1310 1383 1387 conflixerat
1397 1352 1417 1382 ,
1448 1328 1642 1388 eosque
1668 1310 1911 1371 devictos
1939 1328 2153 1388 magna
2184 1324 2380 1390 strage
2408 1310 2684 1390 affecerat
2700 1355 2722 1388 ,
2757 1327 3054 1393 captosque
3089 1323 3310 1375 centum
3331 1315 3671 1389 Templarios

829 1418 1069 1474 inversis
1098 1416 1329 1475 vexillis
1361 1418 1423 1474 in
1450 1414 2020 1489 Hierosolymitanam
2060 1418 2253 1476 urbem
2291 1417 2705 1479 introduxerat
2727 1460 2748 1493 ,
2782 1420 2912 1480 dein
2947 1433 3145 1481 castra
3170 1417 3390 1492 fixerat
3409 1417 3679 1494 Neapoli.

832 1517 965 1578 Huc
1014 1535 1144 1593 ergo
1189 1522 1483 1593 epistolam
1524 1522 1681 1579 misit
1721 1516 2289 1599 (Kerimoddinus)
2331 1524 2393 1578 in
2432 1522 2537 1581 ala
2571 1523 2896 1593 columbae,
2933 1536 3002 1583 ut
3044 1528 3224 1601 ipsum
3263 1539 3453 1582 eorum
3473 1558 3497 1592 ,
3532 1540 3681 1597 quae

831 1619 1167 1680 accidissent
1184 1662 1204 1692 ,
1247 1626 1543 1683 certiorem
1563 1618 1814 1695 faceret.
1891 1624 2176 1683 Postridie
2206 1622 2349 1700 (die
2374 1622 2662 1702 Saturni)
2693 1626 3004 1688 Alekinam
3031 1631 3191 1687 venit
3219 1627 3290 1685 al
3319 1623 3583 1683 Malekus
3613 1626 3683 1684 al

833 1721 1292 1785 Moadhdbamus
1308 1766 1328 1796 ,
1370 1737 1431 1785 et
1452 1724 1585 1800 fisco
1621 1730 1683 1785 in
1718 1744 1879 1787 suam
1915 1736 2256 1801 potestatem
2301 1726 2530 1811 redacto
2550 1767 2572 1799 ,
2602 1736 2799 1803 patris
2849 1742 3083 1791 mortem
3119 1730 3363 1788 occuluit
3385 1770 3405 1800 ,
3443 1746 3678 1803 eumque

835 1828 1073 1888 lecticae
1126 1832 1394 1905 imposuit
1417 1868 1457 1927 ,ι
1494 1828 1691 1889 addito
1756 1834 2016 1889 ministro
2038 1870 2057 1901 ,
2114 1835 2216 1905 qui
2262 1848 2388 1889 eum
2432 1834 2569 1888 ae‘re
2624 1830 2860 1892 admisso
2919 1831 3244 1893 idemtidem
3297 1830 3682 1909 refrigeraret

830 1929 1016 2026 (⁸:5²⁸
1059 1974 1157 2057 τ,
1150 1961 1216 2035 1?-
1235 1935 1269 2013 )
1290 1978 1310 2008 ,
1361 1938 1704 2013 sublatisque
1741 1957 1817 1998 ex
1860 1951 2036 2015 parte
2077 1941 2315 1999 lecticae
2370 1939 2513 1997 velis
2562 1936 2763 2023 herum
2804 1953 3099 2017 aegrotum
3153 1960 3265 2002 esse
3311 1940 3678 2016 significaret.

836 2048 932 2105 Sic
960 2048 1305 2107 Damascum
1332 2059 1723 2121 pervenerunt
1748 2047 1907 2117 feria
1930 2052 2133 2126 prima
2150 2087 2171 2119 ,
2200 2046 2621 2124 hominibusque
2667 2070 2792 2110 eum
2808 2089 2830 2121 ,
2863 2056 2965 2127 qui
2996 2056 3059 2111 in
3101 2052 3308 2109 lectica
3349 2060 3484 2107 erat
3506 2088 3525 2119 ,
3557 2065 3682 2108 cum

834 2150 1083 2224 obsequii
1129 2146 1536 2224 significatione
1588 2151 1977 2211 salutantibus
1994 2194 2013 2223 ,
2071 2150 2204 2211 dum
2253 2169 2451 2212 servus
2498 2164 2646 2213 nutu
2686 2155 2924 2231 quodam
2969 2170 3067 2213 suo
3113 2154 3356 2213 Sultano
3397 2151 3679 2211 ostendere

833 2252 1141 2325 videbatur
1155 2286 1181 2322 ,
1213 2258 1448 2329 quinam
1480 2272 1607 2314 eum
1646 2256 1975 2315 salutarent
1994 2293 2016 2328 ,
2057 2274 2246 2317 arcem
2276 2260 2610 2317 intrarunt.
2688 2250 2980 2331 Referunl
3006 2252 3494 2315 Scbehaboddinus
3515 2254 3682 2313 Abou

838 2353 1126 2417 Schamah
1144 2398 1164 2430 ,
1199 2367 1259 2415 et
1302 2354 1757 2420 Schemsoddinus
1789 2359 1983 2419 Aboul
2018 2354 2404 2429 Madbafferus
2450 2357 2587 2416 Sebt
2627 2359 2724 2417 ibn
2767 2358 2839 2417 al
2873 2360 3094 2435 Djouzi
3128 2362 3190 2417 in
3231 2360 3348 2418 suis
3393 2355 3683 2417 Chronicis

835 2456 936 2520 hoc
970 2473 1093 2520 tum
1123 2461 1396 2522 accidisse
1418 2466 1692 2523 memoria
1728 2460 1959 2537 dignum
1978 2503 1999 2535 ,
2038 2459 2191 2538 quod
2212 2459 2453 2536 frustra
2484 2460 2794 2519 amiculum
2815 2458 3012 2535 ferale
3029 2458 3206 2520 Adelo
3243 2460 3451 2537 (tanto
3496 2475 3687 2533 quon·

834 2560 963 2623 dam
1012 2562 1327 2639 Prinpri)
1368 2576 1701 2644 quaerentes
1719 2605 1741 2637 ,
1779 2582 1903 2625 eum
1949 2562 2142 2623 cidari
2175 2562 2246 2623 al
2276 2559 2487 2621 Falcihi
2523 2563 2629 2621 Ibn
2667 2560 2841 2621 Fares
2880 2566 3233 2641 gossypquue
3282 2582 3360 2623 ex
3413 2562 3684 2623 cervicali

834 2664 1094 2728 detracto
1134 2668 1484 2728 Involverint
1501 2705 1526 2740 ,
1563 2681 1625 2729 et
1668 2649 2043 2730 instrumento
2062 2707 2084 2739 ,
2132 2677 2240 2743 quo
2277 2667 2594 2745 sepulcrum
2637 2667 2750 2740 ipsi
2776 2664 3050 2740 foderent
3063 2708 3086 2742 ,
3138 2666 3421 2740 deficiente
3439 2706 3461 2739 ,
3519 2664 3690 2725 Keri-

840 2769 1128 2828 moddinus
1182 2772 1420 2847 ligonem
1465 2791 1541 2833 ex
1578 2770 1742 2848 fhssa
1778 2770 1817 2848 ζ
1828 2774 1985 2833 arcis
2008 2773 2045 2849 )
2078 2764 2320 2850 furatus
2353 2774 2432 2829 sit
2449 2806 2471 2838 ,
2505 2786 2613 2845 quo
2659 2770 2938 2828 tumulum
2978 2773 3092 2845 ipsi
3108 2769 3408 2845 facerent.
3486 2770 3686 2845 Sepul-

833 2883 927 2932 tus
946 2874 1143 2949 jacuit
1174 2878 1236 2933 in
1277 2892 1416 2937 arce
1444 2876 1802 2937 Damascena
1840 2876 2012 2936 donec
2052 2872 2320 2936 sacellum
2353 2871 2668 2945 sepulcrale
2704 2873 2878 2948 ipsius
2909 2871 3227 2947 perfectum
3270 2882 3409 2931 esset
3441 2875 3506 2931 in
3548 2874 3692 2929 vici·

834 2980 941 3035 nia
975 2977 1194 3051 collegii
1220 2978 1297 3037 ab
1326 2996 1386 3037 eo
1413 2978 1724 3052 aedificati·
1800 2978 2020 3056 Magno
2050 2990 2244 3039 autem
2278 2975 2467 3038 dolore
2494 2976 2563 3037 al
2572 2974 2850 3043 ¹Malekus
2878 2977 2948 3036 al
2968 2972 3423 3036 Moadhdhamus
3448 2990 3488 3031 a
3509 2985 3686 3069 patre

838 3082 1049 3152 sepulto
1076 3082 1375 3155 surrexit',
1420 3094 1707 3160 vestesque
1739 3085 2009 3146 conscidit
2038 3094 2318 3161 caputque
2346 3086 2635 3159 percussit
2664 3092 2724 3140 et
2747 3078 2961 3159 faciem
2978 3122 2998 3153 ,
3029 3082 3335 3156 patrisque
3370 3078 3528 3134 obitu
3566 3092 3690 3135 ma·

838 3178 1108 3255 nifcstato
1135 3196 1245 3259 per
1284 3184 1544 3246 triduum
1596 3188 2063 3248 consolationibus
2116 3184 2459 3262 accipiendis
2510 3188 2773 3247 vacavit.
2852 3184 2992 3243 Huc
3041 3198 3238 3267 usque
3292 3180 3647 3241 Nuweirius
3669 3220 3691 3251 ,

838 3285 947 3359 qni
982 3284 1049 3341 in
1082 3286 1223 3359 ipso
1256 3292 1617 3349 narrationis
1658 3288 1776 3348 fine
1822 3291 2105 3371 variaspl
2148 3284 2324 3348 Adeli
2356 3290 2624 3349 virtutes
2667 3299 3144 3359 commemorat,
3184 3286 3340 3347 inter
3382 3298 3525 3356 quas
3563 3280 3684 3337 hoc

840 3388 1097 3447 maxime
1138 3388 1481 3452 laudandum
1530 3391 1805 3464 videtur,
1852 3390 2018 3471 quod
2053 3392 2365 3465 vectigalia
2408 3404 2467 3451 et
2512 3389 2865 3452 exactiones
2911 3392 3198 3463 injustas,
3223 3399 3514 3461 ,quantum
3557 3382 3688 3456 ejus

838 3488 981 3549 fieri
1014 3505 1260 3567 posset,
1289 3494 1694 3573 abrogaverit.
1772 3498 1965 3572 Cujus
1994 3493 2301 3566 beneficii:
2328 3492 2674 3566 magnitudo
2709 3508 2788 3551 ex
2823 3505 2901 3549 eo
2937 3490 3203 3564 intelligi
3242 3499 3487 3563 potest,
3526 3484 3688 3561 quod

844 3597 961 3653 soli
1002 3597 1143 3656 urbi
1184 3598 1572 3658 Damascenae
1616 3618 1837 3663 100000
1874 3614 2197 3661 aureorum
2243 3598 2421 3655 annui
2459 3596 2671 3656 tributi
2717 3590 2959 3653 remissa
3002 3606 3165 3655 sunt.

918 3697 957 3771 (
979 3693 1104 3773 39)
1143 3695 1495 3776 Catenasque
1521 3700 1898 3787 diff-egerunt
1936 3706 2051 3777 ipsi
2075 3694 2395 3776 alligatas]
2454 3698 2762 3759 oliverius
2796 3711 2857 3758 et
2895 3696 3119 3772 reliqui
3165 3696 3540 3771 scriptores,
3580 3694 3688 3767 qui

848 3816 1112 3875 magnam
1136 3814 1365 3877 partem
1404 3802 2016 3864 illius'auctoritatem
2042 3814 2424 3877 sequuntur,
2464 3800 2541 3861 de
2578 3804 2768 3863 fracta
2799 3813 2937 3878 post
2969 3813 3197 3878 captam
3239 3802 3452 3859 turrim
3485 3810 3690 3859 catena
3776 3856 3786 3866 ,

846 3904 998 3963 nihil
1026 3904 1341 3975 referunt,
1360 3919 1479 3963 nec
1512 3906 1683 3967 etiam
1710 3905 2121 3965 necessarlum
2152 3905 2271 3965 fuit
2303 3920 2569 3967 catenam
2602 3906 2888 3980 frangere
2913 3947 2934 3979 ,
2957 3921 3128 3979 quam
3159 3917 3301 3964 arce
3331 3904 3391 3960 in
3422 3909 3691 3976 potesta·

852 4018 975 4065 tem
988 4006 1237 4067 redacta
1258 4006 1440 4068 facile
1464 4010 1706 4068 solvere
1728 4023 2008 4085 poterant
2027 4050 2047 4079 ,
2071 4010 2189 4068 nisi
2216 4008 2379 4069 forte
2403 4011 2540 4085 quis
2571 4023 2744 4086 putet
2765 4024 3023 4071 catenam
3049 4006 3200 4067 adeo
3231 4004 3483 4065 firmiter
3515 4002 3691 4077 rupi,

852 4108 958 4167 cui
989 4113 1172 4170 turris
1196 4110 1535 4184 insistebat,
1574 4116 1671 4175 vel
1693 4130 1859 4173 muro
1893 4114 2079 4175 turris
2102 4155 2122 4185 ,
2159 4112 2398 4173 infixam
2442 4112 2674 4185 fuisse,
2715 4129 2784 4175 ut
2817 4092 3050 4199 nonnisi
3087 4126 3200 4187 per
3233 4109 3357 4168 vim
3393 4106 3684 4181 disrumpi

850 4214 1145 4285 potuerit.
1237 4212 1648 4289 Adstipulatur
1696 4228 1889 4275 tamen
1936 4214 2245 4275 Makrizio
2292 4218 2575 4295 (praeter
2622 4201 2742 4275 'Bar
2785 4214 3128 4275 Hebraeum
3181 4214 3242 4272 in
3291 4210 3499 4272 Chron.
3555 4208 3688 4280 Syr.

850 4314 1147 4395 pqsef.)
1166 4306 2066 4397 willermiTyrii'continuator
2098 4334 2156 4383 c.
2170 4319 2268 4383 68.
2308 4337 2370 4395 p.
2392 4320 2523 4394 683.
2563 4320 2767 4397 Quam
2799 4320 2876 4381 les
2899 4316 3180 4382 Crestiens
3215 4312 3484 4395 (iuquit)
3523 4321 3688 4372 orent

2326 4424 2379 4483 L
3559 4414 3688 4487 pris
