5242 6192
2789 768 2836 867 (
2921 768 3028 866 64
3125 768 3170 869 )

1532 984 1743 1045 esset,
1792 961 2095 1029 adeundae
2142 982 2387 1041 caussa,
2441 967 2557 1044 jam
2610 971 2690 1032 A.
2717 984 2833 1048 577
2874 985 2906 1028 a
2955 966 3224 1029 Saladino
3275 957 3907 1046 exstructum-nune
3949 990 4143 1039 autem
4187 986 4362 1045 novis

1528 1076 1829 1154 ‘operibus
1872 1071 2301 1135 confirmatum.
2383 1072 2577 1151 Hu‘rus
2616 1076 2821 1150 pontis
2854 1077 3031 1134 etiam
3068 1078 3427 1151 mentionem
3465 1077 3622 1138 fecit
3644 1080 4006 1156 praecipuus
4033 1080 4370 1148 sacrae-ex-

1532 1179 1848 1257 peditionis
1866 1190 2072 1237 sextae
2098 1188 2434 1247 enarrator,
2454 1192 2485 1235 a
2514 1180 2766 1254 reliquis
2791 1194 2980 1254 paene
2995 1177 3068 1235 ad
3096 1181 3341 1242 verbum
3369 1182 3752 1259 exscriptus,
3777 1184 4083 1247 oliverius
4105 1192 4178 1251 C.
4199 1190 4373 1253 vm.-

1527 1303 1599 1360 p.
1637 1297 1807 1361 1403.
1849 1280 2041 1342 Navis
2072 1292 2273 1341 autem
2313 1279 2780 1345 Theutonicorsem
2829 1296 2890 1343 et
2937 1282 3232 1345 Frisonum
3271 1290 3430 1345 inter
3467 1289 3682 1347 turrim
3729 1300 3788 1347 et
3821 1294 4119 1351 civitatem
4163 1290 4374 1355 ancho-
4398 1347 4410 1362 ,

1521 1401 1659 1448 ram
1706 1384 1959 1446 habebat
1989 1384 2179 1458 fixam
2196 1421 2218 1455 ,
2253 1386 2469 1446 damnis
2501 1390 2758 1471 plurima
2790 1401 2902 1463 per
2936 1386 3270 1450 balistarios
3284 1430 3306 1462 ,
3343 1393 3447 1465 qui
3484 1393 3640 1452 intus
3674 1394 3856 1452 locati·
3883 1392 4134 1470 fuerant
4156 1436 4178 1468 ,
4219 1396 4372 1491 infi-

1529 1508 1659 1552 rem
1685 1492 1994 1567 Aegyptia
2008 1530 2033 1563 ,
2059 1494 2405 1566 praesertim
2446 1490 2563 1551 itus
2579 1528 2600 1561 ,
2638 1493 2743 1567 qus·
2771 1493 3009 1551 stabant
3048 1496 3111 1553 tn
3144 1504 3318 1570 ponte
3357 1498 3515 1553 {nter
3553 1498 3850 1555 claritatem
3898 1510 3958 1557 et
3988 1504 4206 1561 turrim
4235 1516 4372 1580 por·

1517 1606 1705 1656 recto.
1777 1594 1911 1670 Ipsa
1948 1602 2093 1654 vero
2102 1600 2322 1653 navis
2314 1614 2355 1655 a
2386 1596 2762 1656 bellatoribus
2799 1599 3078 1656 civitatis
3088 1605 3148 1655 et
3181 1602 3370 1657 turris
3397 1607 3456 1657 et
3481 1602 3672 1673 pontis
3691 1600 3908 1675 jaculis
3938 1614 4000 1662 et
4023 1607 4164 1679 igne
4193 1605 4378 1667 Grae·

1528 1719 1589 1759 co
1644 1700 2034 1777 impetebatur
2074 1696 2480 1761 vehementius.
2570 1700 2674 1760 ·Et
2721 1698 3009 1776 deinceps
3065 1698 3287 1761 ibidem
3345 1718 3411 1777 p.
3457 1716 3654 1779 :4042
3709 1706 3924 1768 crebriis
3973 1706 4374 1771 machinarum

1530 1806 1741 1864 ictibus
1780 1818 1921 1881 pons
1967 1817 2073 1881 pro
2123 1820 2337 1879 magna
2380 1814 2555 1881 parte
2611 1804 2931 1866 destructus
2969 1803 3105 1881 fuit
3127 1846 3148 1881 ‚
3203 1809 3306 1883 qui
3352 1806 3422 1865 de
3467 1810 3713 1867 cis-itate
3751 1809 3838 1871 ad
3867 1816 4086 1872 turs-{nr
4129 1812 4372 1875 ducebat

1534 1905 1713 1967 hostes
1751 1906 1909 1981 fidet.
1950 1910 2148 1989 ‘Haec
2200 1919 2389 1971 autem
2426 1906 2776 1983 Dimyathae
2817 1900 3075 1969 'munitio
3117 1924 3394 1971 extremo
3439 1924 3594 1970 anno
3640 1913 3788 1973 belli
3837 1915 3990 1975 inter
4031 1916 4365 1980 Saiadinum

1522 2026 1601 2072 ‚et
1640 2012 1893 2072 Francos
1941 2014 2091 2087 gesti
2122 2011 2344 2071 accidit
2377 2010 2557 2089 (nam
2606 2026 2805 2073 mense
2840 2026 3058 2071 octavo
3099 2014 3258 2073 Anni
3293 2015 3402 2087 588
3459 2011 3739 2075 induciae
3789 2017 3982 2079 factae
4033 2024 4265 2103 snut),
4305 2040 4370 2087 et

1538 2117 2015 2178 luculentissime
2051 2116 2412 2177 demonstrat
2444 2118 2800 2177 novissimos
2847 2114 3208 2175 Francorum
3257 2129 3578 2177 successus
3629 2134 4143 2199 expugnatamque
4181 2128 4380 2191 Ptole·

1530 2219 1781 2281 maidem
1810 2237 1873 2282 es
1900 2222 2177 2283 restituta
2208 2221 2519 2282 Ascalonis
2557 2219 2792 2279 moenia
2821 2216 2972 2279 adeo
3015 2220 3312 2295 ingentem
3350 2234 3662 2285 terrorem,
3679 2221 3951 2286 saladino
3991 2228 4314 2297 incussisse
4336 2273 4361 2306 ,

1527 2339 1596 2385 ut
1635 2324 1861 2385 bellurn
1908 2340 1941 2385 a
1977 2326 2327 2408 Christianis
2367 2328 2429 2385 in
2469 2325 2812 2401 Aegyptum
2843 2324 3322 2387 transferendum
3357 2322 3728 2400 cogitatione
3781 2328 3898 2405 jam
3935 2333 4332 2411 praeciperet.

1603 2424 1797 2507 (ar)
1830 2428 2119 2491 Continuo
2156 2431 2505 2493 Francorum
2537 2430 2776 2487 anaema
2803 2442 3083 2490 venerant
3104 2468 3125 2499 ‚
3161 2426 3334 2506 etc.]
3376 2428 3624 2505 Reges,
3656 2432 4036 2511 Episcopos,
4069 2438 4366 2515 virosque

1530 2522 1845 2609 principes
1868 2572 1889 2601 ‚
1924 2536 2029 2608 qui
2071 2536 2147 2595 A.
2186 2548 2335 2609 1217
2372 2529 2830 2603 Ptolemaidem,
2878 2531 3028 2594 belli
3061 2534 3218 2593 sacri
3253 2530 3508 2608 gerendi
3546 2551 3748 2598 caussa
3771 2578 3794 2609 ,
3839 2552 4183 2613 venerunt,
4223 2556 4370 2603 enu-

1528 2637 1769 2697 meravit
1814 2636 2129 2697 oliverius
2185 2638 2227 2699 l.
2264 2637 2305 2697 1.
2356 2652 2419 2711 p.
2452 2637 2617 2711 1398.
2714 2636 2843 2697 Hos
2883 2650 3086 2697 omnes
3125 2652 3250 2697 uno
3289 2638 3526 2699 nomine
3564 2642 3918 2718 complexus
3956 2654 4092 2703 esse
4123 2640 4366 2707 videtur

1532 2737 1907 2814 Makrizius,
1940 2742 2079 2803 cum
2100 2722 2344 2817 Regum
2384 2740 2742 2801 Francorum
2783 2741 3016 2803 turbam
3042 2743 3354 2802 Acconem
3391 2745 3754 2805 convenisse
3777 2744 4054 2818 dicerets
4087 2764 4220 2809 nam
4241 2748 4371 2811 Re·

1430 2918 1439 2926 .
1530 2860 1637 2920 ges
1685 2860 1905 2909 tantum
1950 2860 2075 2906 tres
2126 2842 2503 2921 expeditioni
2540 2844 2986 2918 interfuerunt,
3030 2843 3640 2924 Hierosolymitanns,
3681 2850 3949 2927 Cyprius
3981 2865 4046 2911 et
4079 2851 4371 2931 Hungarl·

1520 2967 1641 3011 cns
1677 2952 1979 3025 Andreas,
2014 2950 2240 3027 quibus
2271 2964 2545 3024 quartum
2572 2950 2926 3011 Armenium
2965 2951 3128 3012 solus
3183 2948 3351 3010 addit
3411 2954 3709 3013 willermi
3743 2954 3925 3030 Tyrii
3983 2953 4365 3019 continuator

1536 3070 1599 3116 c.
1624 3056 1722 3131 67.
1768 3072 1831 3129 p.
1860 3058 1992 3118 681.
2083 3055 2221 3115 Rex
2262 3055 2525 3132 Cyprius
2563 3053 2806 3131 Tripoli
2847 3056 2906 3114 in
2941 3052 3089 3129 ipsis
3132 3054 3264 3116 fere
3300 3058 3450 3120 belli
3493 3054 3838 3133 primordiis
3869 3058 4062 3132 obiit,
4096 3040 4367 3125 Andreas

1535 3173 1734 3218 autem
1776 3160 1975 3218 socios
2008 3158 2265 3220 nondum
2296 3163 2357 3219 in
2400 3162 2752 3237 Aegyptum
2783 3159 3098 3237 profectos
3129 3162 3472 3237 turpissime
3497 3157 3799 3239 deseruit,
3839 3174 3904 3222 et
3937 3175 4063 3222 eam
4094 3165 4174 3227 ob
4201 3180 4368 3229 caus·

1530 3278 1657 3321 sam
1698 3267 2247 3325 excommunicatus
2264 3277 2401 3335 est,
2440 3264 2849 3325 referentibus
2874 3264 3150 3326 oliverio
3188 3281 3246 3328 c.
3272 3280 3332 3341 3.
3361 3284 3426 3345 p.
3465 3277 3608 3342 1399
3637 3276 3696 3325 et
3715 3263 3946 3345 Jacobo
3965 3268 4322 3330 vitriacensi
4343 3310 4368 3343 ,

1526 3367 1720 3445 Epist.
1752 3367 2084 3428 adHonor.
2123 3366 2175 3427 1.
2222 3384 2285 3443 p.
2330 3356 2469 3431 3³88.
2504 3370 2605 3443 qui
2654 3369 2826 3429 ambo
2878 3368 3260 3443 expeditioni
3317 3368 3772 3431 interfuerunt.
3823 3369 4258 3447 Quapropter,
4295 3386 4370 3433 ut

1536 3474 1599 3530 in
1628 3473 2070 3547 prolegomenis
2124 3472 2325 3532 obiter
2366 3472 2829 3561 observavimus
2855 3512 2878 3543 ,
2915 3473 3328 3533 inexcusabile
3364 3474 3538 3547 plane
3557 3468 3940 3532 mendacium
3973 3486 4066 3535 est
4107 3475 4363 3536 Bonflnii

1532 3570 1755 3634 Rerum
1784 3576 2055 3651 Hangar.
2084 3574 2315 3647 Decad.
2344 3578 2426 3642 11.
2492 3576 2633 3641 Lib.
2671 3577 2810 3661 Hi.-
2845 3594 2912 3657 p.
2937 3577 3320 3651 seo-283,
3357 3574 3548 3651 Regis
3581 3572 3858 3637 Andreae
3899 3573 4087 3639 ductu
4123 3576 4368 3655 expedi·

1542 3680 1766 3737 tionem
1811 3679 2294 3754 Di'myathensem
2338 3696 2399 3741 et
2430 3694 2772 3757 susceptam
2809 3694 2868 3739 et
2905 3682 3254 3743 confectam
3293 3693 3427 3741 esse
3459 3676 3845 3757 impudenter·
3872 3678 4232 3745 affirmantis.

1530 3810 1537 3817 ·
1610 3776 1650 3857 (
1666 3776 1797 3855 aa)
1851 3783 1965 3842 ΠΜ
1996 3800 2129 3842 vero
2154 3788 2225 3845 al
2260 3785 2485 3846 Maleto
2521 3788 2591 3847 a}
2626 3784 2816 3845 Adelo·
2835 3812 2915 3831 -
2941 3790 3390 3846 nuntiatumest
3425 3780 3594 3861 etc.]
3645 3784 3978 3874 piscrepat
4023 3784 4365 3849 Makrizius

1530 3886 1597 3947 b.
1626 3888 1673 3949 l.
1704 3885 1979 3946 nonnihil
2009 3903 2040 3945 a
2078 3888 2384 3963 Nuweirii
2430 3888 2812 3961 testiinonio,
2847 3890 2966 3967 qui·
3002 3890 3078 3947 al·
3106 3886 3519 3948 Maleltnm'al
3562 3882 3818 3949 Adelnm
3863 3885 4058 3949 uoirae
4087 3888 4364 3967 expedi·

1530 3993 1712 4051 tionis
1752 4007 1785 4049 a
1820 3992 2065 4051 Francis
2106 3993 2165 4052 in
2208 3994 2442 4067 Syriam
2478 3990 2896 4071 suscipiendae
2926 3993 3076 4053 fama
3105 3992 3435 4051 excitatum
3471 3992 3532 4049 in
3572 3990 3956 4051 Palaestinam
3989 4006 4126 4075 cum
4163 3994 4362 4069 copiis

1440 4114 1449 4125 ·
1533 4096 1838 4155 transiisse
1884 4091 2071 4166 dicit,
2108 4110 2425 4174 antequam
2458 4113 2650 4160 cruce
2686 4099 2902 4175 signati
2937 4092 3365 4157 Ptolemaidem
3389 4090 3835 4170 pervenissent.
3913 4093 4070 4155 Loci
4105 4096 4362 4157 Nuwei·

1536 4198 1683 4256 riani
1714 4214 1959 4259 summa·
1969 4199 2137 4263 haec
2154 4215 2269 4265 est.
2342 4206 2418 4265 Al
2465 4204 2776 4287 Malekum
2814 4205 2867 4261 al
2899 4198 3194 4273 Adelum,
3233 4200 3313 4261 ob
3341 4214 3470 4261 eam
3507 4214 3810 4274 caussam,
3849 4214 4020 4274 quam
4060 4199 4364 4275 diximus,

1392 4306 1399 4313 '
1534 4300 1827 4379 Aegypto
1850 4306 2193 4371 excessisse
2231 4304 2331 4373 die
2356 4324 2536 4373 nouo
2574 4308 2810 4373 Rabiae
2865 4305 3231 4413 posterioris
3279 4304 3440 4373 Anni
3485 4306 3602 4383 614
3639 4299 3796 4381 (die
3859 4316 3926 4378 ¹5
3961 4301 4108 4384 Julii
4152 4302 4359 4381 1a17)
