5242 6192
1618 1201 3127 1336 PnonucoMENm

970 1689 1173 1850 Ex
1222 1741 1734 1858 comparatione
1791 1752 2215 1828 Graecorum
2263 1727 2807 1850 Latinorumque
2862 1757 3274 1852 scriptorum
3326 1767 3482 1826 cum
3528 1749 3779 1824 Orien·

975 1889 1222 1966 talibus
1271 1908 1579 1984 magnam
1627 1884 1854 1956 lucem
1907 1882 2072 1954 oriri
2121 1880 2210 1954 ad
2261 1880 2617 1970 meliorem
2654 1881 2996 1956 Historiae
3038 1882 3263 1958 Medii
3305 1881 3488 1954 Aevi
3533 1877 3784 1950 intelli-

965 2019 1262 2112 gentiam
1281 2063 1308 2101 ,
1358 2012 1558 2107 aequi
1610 2028 1679 2080 et
1727 2008 1932 2102 periti
1982 2007 2220 2078 harum
2262 2026 2484 2078 rerum
2513 2001 2756 2080 >arbitri
2794 2008 2877 2079 ad
2925 2029 3137 2080 unum
3178 2027 3415 2080 omnes
3446 2006 3774 2091 fatentur,

948 2140 1292 2235 illiusque
1353 2137 1560 2212 studii
1631 2133 1993 2207 utilitatem
2059 2134 2460 2226 nosmetipsi
2510 2151 2663 2204 ante
2717 2133 2845 2206 hos
2910 2154 3177 2229 septem
3226 2155 3482 2222 annos,
3550 2133 3776 2204 habita

964 2268 1274 2338 oratione
1295 2313 1320 2350 ,
1351 2263 1802 2356 plurimisque
1837 2257 2059 2332 allatis
2089 2261 2539 2358 argumentIS‚
2590 2261 3257 2350 commendavimuS,
3296 2282 3453 2333 cum
3508 2258 3775 2330 Litera·

958 2409 1110 2462 rum
1161 2385 1618 2460 Orientalium
1659 2387 1732 2456 in
1783 2383 2142 2458 Athenaeo
2201 2383 2727 2480 Franequerano
2778 2385 3281 2478 professionem
3329 2385 3594 2458 solenni
3636 2387 3771 2458 ritu

966 2517 1491 2608 susciperemus.
1593 2507 1938 2606 Imprimis
1991 2532 2159 2584 vero
2217 2510 2408 2583 illius
2446 2513 2975 2606 comparationis
3023 2511 3425 2606 praestantia
3474 2513 3777 2592 cernitur

959 2643 1030 2712 in
1085 2639 1424 2714 bellorum
1449 2691 1475 2729 ‚
1540 2631 1719 2712 in'ter
1779 2635 2212 2720 Christianos
2279 2637 2812 2736 Moslemosque
2870 2658 3220 2736 gestorum
3241 2688 3267 2727 ,
3327 2640 3771 2710 enarratione.

921 2757 1144 2840 'Cum
1207 2770 1387 2840 enim
1445 2765 1578 2839 illa.
1621 2783 1837 2836 aetate
1875 2764 2299 2858 populorum
2353 2768 2528 2838 inter
2565 2788 2635 2838 se
2671 2767 3083 2845 commercia
3127 2764 3495 2837 admodum
3538 2786 3775 2838 manca

959 2909 1034 2960 et
1080 2893 1482 2984 imperfecta
1525 2891 1795 2977 forent,
1854 2913 1926 2962 et
1989 2913 2160 2964 vera.
2204 2893 2528 2962 historiae
2582 2891 2979 2964 scribendae
3030 2893 3204 2962 ratio
3253 2912 3530 2982 prorsus
3574 2895 3776 2986 igno·

958 3033 1264 3103 raretur,
1331 3013 1611 3108 illisque
1676 3017 1931 3089 caussis
1993 3035 2228 3088 mutua
2279 3036 2350 3088 et
2411 3018 2823 3090 internecina
2874 3014 3383 3090 Moslemorum
3436 3013 3735 3092 Christia

954 3159 1338 3234 notumque
1393 3139 1550 3212 odia
1629 3143 2164 3237 inimicitiaeque
2232 3142 2685 3228 accederent,
2754 3140 2959 3214 illud·
3002 3142 3324 3236 profecto
3400 3001 3773 3347 contigis{

883 3325 898 3338 .
952 3267 1200 3336 rationi
1237 3286 1767 3340 consentaneum
1799 3287 1906 3340 est
1929 3317 1956 3356 ‚
2009 3268 2202 3362 quod
2237 3289 2471 3341 revera
2527 3267 2785 3340 factum
2824 3287 2971 3338 esse
3014 3267 3355 3340 videmus:
3408 3291 3485 3344 ut
3522 3295 3725 3370 nemp

957 3392 1180 3463 neutri
1247 3387 1332 3462 de
1393 3389 1927 3464 adversariorum
1981 3393 2287 3481 viribus,
2355 3392 2707 3483 consiliiS,
2772 3365 2978 3468 rebus
3032 3397 3279 3490 gestis,
3331 3399 3640 3470 victoriis
3696 3418 3767 3470 et

960 3514 1272 3589 cladibus
1292 3566 1320 3606 ,
1355 3519 1517 3590 satis
1548 3518 1682 3591 fide
1715 3538 1786 3590 et
1821 3539 2134 3592 accurate
2175 3518 2548 3608 referrent,
2575 3540 2703 3593 nec
2740 3519 3103 3613 praeclaris
3140 3522 3441 3600 hostium
3472 3521 3767 3614 ducib'us

959 3640 1258 3717 debitam
1305 3641 1574 3715 laudem
1631 3646 2044 3732 tribuerent;
2095 3664 2174 3719 ut
2228 3646 2522 3739 denique
2579 3644 2667 3716 de
2701 3643 3073 3716 referendis
3128 3651 3515 3744 praecipuis
3566 3626 3789 3748 saepe

958 3785 1184 3836 rerum
1241 3771 1604 3840 momentis
1657 3791 1944 3863 propter
1991 3791 2318 3844 summam
2376 3769 2721 3844 scribendi
2780 3769 3263 3868 negligentiam
3316 3795 3405 3850 ne
3463 3781 3766 3876 cogitare

957 3889 1238 3984 quidem
1282 3891 1694 3968 viderentur.
1795 3892 1990 3990 Ergo
2037 3898 2092 3966 si
2111 3899 2290 3990 ¹quis
2337 3899 2677 3993 integrum
2713 3915 2783 3970 et
2824 3897 3211 3992 perfectum
3254 3903 3575 3977 historiae
3614 3929 3767 3980 cor·

953 4035 1085 4106 pus
1125 4019 1524 4111 conspicere
1572 4039 1642 4094 et
1697 4041 1920 4095 mente
1968 4021 2347 4116 complecti
2390 4027 2667 4118 cupiat,
2717 4023 2893 4098 illud
2937 4047 3025 4098 ex
3066 4027 3367 4122 disjectis
3414 4028 3767 4125 dispersis-

955 4159 1092 4241 que
1127 4145 1470 4218 variorum
1508 4133 1866 4227 ,auctorum
1926 4149 2250 4232 membris
2307 4171 2767 4246 magno-cum
2802 4149 3070 4244 J‘udicio
3118 4153 3643 4230 construendum
3695 4177 3765 4252 et

769 4297 775 4304 ·
849 4361 854 4368 θ
958 4268 1516 4365 componendum
1551 4289 1720 4345 est..-
1779 4271 1980 4375 Quae
2013 4297 2166 4384 'res-
2193 4279 2454 4370 magm's
2496 4295 2696 4371 saepe
2750 4274 3259 4380 difficultatibus
3310 4299 3381 4354 et
3426 4281 3785 4358 molestiis:

2358 4400 2438 4473 A
2489 4421 2532 4469 2
3638 4414 3767 4481 im·
