5242 6192
2070 804 2121 905 (
2194 768 2307 905 s93
2410 805 2455 903 )

832 1004 936 1085 (1.
978 1004 1395 1085 sexagesima)
1451 1008 1713 1063 misertus
1756 1002 2030 1062 Dominus
2070 1003 2389 1078 afflictionis
2418 1004 2619 1082 popuii
2660 1005 2782 1071 sui,
2807 1018 2949 1059 vum
2988 1002 3116 1075 s‘am
3163 1010 3338 1058 naves
3379 1010 3483 1073 per
3517 1011 3692 1073 prae·

836 1112 1048 1171 dictum
1070 1114 1348 1189 fossatum
1384 1110 1469 1170 ad
1500 1112 1797 1185 superiora
1820 1108 2083 1183 fluminis
2117 1108 2477 1169 traheremus
2502 1150 2519 1180 ,
2562 1120 2621 1166 et
2646 1107 2894 1182 flurium
2929 1108 3138 1181 absque
3180 1120 3391 1177 magna
3429 1090 3683 1191 effusione
3735 1102 3749 1111 ‘

785 1240 795 1254 ·
838 1221 1131 1289 sanguinis
1163 1222 1417 1276 transire
1450 1233 1805 1290 nequaquam
1845 1215 2199 1285 valeremus,
2230 1218 2467 1274 immisit
2498 1215 2775 1272 Dominus
2811 1216 2934 1285 regi
2969 1226 3027 1269 et
3060 1198 3348 1269 (kero-itui
3385 1206 3692 1279 Aegyptio-

838 1336 971 1395 rum
1009 1338 1181 1379 unum
1221 1320 1329 1395 (an
1366 1338 1497 1381 enm
1515 1317 1933 1395 ?)fbrmidinis
1964 1316 2453 1395 aculeum,-quod
2484 1334 2644 1377 nocte
2667 1316 2903 1393 fugiens
2946 1314 3048 1387 (1.
3087 1308 3438 1389 fugientes)
3482 1320 3686 1371 castr-z
3779 1334 3788 1339 ·

838 1438 1048 1480 sua—
1082 1426 1639 1500 nobisreliquerunt.
1717 1426 1839 1503 Jam
1870 1439 1945 1481 ex
1976 1424 2104 1483 istis
2136 1424 2343 1481 verbis
2383 1424 2732 1483 luculenter
2771 1436 3057 1495 apparet,
3100 1420 3412 1478 transitum
3453 1417 3691 1493 navium

846 1540 956 1599 per
1012 1525 1229 1585 fossam
1277 1532 1328 1589 al
1372 1528 1571 1589 Azrak
1625 1546 1743 1587 nou
1790 1532 2037 1589 multum
2080 1531 2484 1605 praecessisse
2526 1530 2579 1586 al
2637 1527 2868 1585 Cameli
2917 1526 3150 1599 fugam,
3194 1538 3382 1597 quae,
3419 1534 3486 1580 ut
3539 1518 3696 1577 infra

846 1632 1196 1703 apparebit,
1238 1632 1456 1695 incidit
1484 1636 1542 1693 in
1581 1650 1820 1695 noctem
1856 1652 1993 1695 ante
2031 1635 2251 1695 Festum
2274 1634 2355 1694 ρ8.
2392 1632 2689 1707 Agathae,
2735 1632 2780 1693 i.
2815 1649 2870 1693 e.
2910 1630 3068 1689 diem
3106 1631 3380 1703 quintum
3433 1612 3697 1684 Februa-

848 1734 946 1794 rii.
1029 1718 1418 1813 Quapropter
1470 1740 1637 1797 etiam
1680 1741 2023 1799 necessario
2062 1740 2498 1815 quadragesima
2544 1740 2600 1793 in
2668 1740 3014 1809 sexagesima
3069 1733 3449 1793 mutavimus.
3542 1731 3700 1787 Cum

852 1840 1001 1896 enim
1046 1840 1260 1900 festum
1301 1841 1580 1899 Paschale
1622 1846 1698 1906 A.
1741 1859 1889 1917 1219
1928 1842 2148 1901 incidat
2184 1844 2242 1899 in
2283 1842 2439 1899 diem
2484 1856 2521 1915 7
2561 1840 2792 1913 Aprilis
2818 1876 2840 1910 ,
2881 1838 3329 1911 quadragesima
3383 1831 3702 1910 responde,-

848 1941 940 2001 bit
994 1941 1119 2003 diei
1177 1963 1251 2019 24
1287 1946 1633 2016 Februarii,
1688 1964 1744 2007 at
1799 1951 2165 2022 sexagesima
2221 1946 2338 2004 diei
2394 1922 2684 2019 ejusdem·
2725 1945 2946 2003 mensis
2993 1942 3269 2011 decim03
3329 1954 3544 2012 estque
3599 1940 3698 1999 illa

853 2048 1045 2121 prima
1078 2048 1205 2107 dies
1248 2050 1563 2111 Dominica
1588 2036 1728 2125 post
1772 2052 1967 2125 fugam
2004 2055 2058 2109 al
2095 2053 2320 2111 Cameli
2361 2068 2420 2111 et
2462 2050 2776 2109 transitum
2817 2050 3206 2109 Francorum.
3288 2047 3478 2123 Quam
3523 2044 3704 2131 facile

846 2164 1036 2209 autem
1082 2151 1185 2211 LX
1229 2154 1289 2211 in
1324 2156 1431 2213 XL
1473 2168 1756 2217 mutatum
1797 2138 1916 2226 sii,
1956 2169 2160 2213 omnes
2203 2157 2568 2229 intelligunt.
2652 2152 2838 2231 Quod
2876 2156 2922 2213 si
2960 2156 3098 2227 quis
3137 2147 3702 2227 roget,‚quo'modo

852 2252 1087 2312 tandem
1125 2254 1294 2335 haec'
1319 2259 1509 2315 omnia
1544 2260 1701 2339 inter
1742 2275 1805 2317 se
1846 2260 2254 2319 concilientur
2278 2300 2302 2344 ,
2344 2274 2405 2341 et
2440 2275 2591 2335 quae
2638 2274 2844 2318 caussa
2879 2258 3112 2347 fuerit,
3151 2273 3261 2317 cur
3295 2241 3559 2347 'franci’
3601 2251 3707 2327 qui

858 2358 1073 2418 fossam
1113 2358 1264 2420 adeo
1303 2376 1534 2419 mature
1571 2363 1989 2434 inchoassent,
2026 2362 2261 2423 eandem
2300 2381 2415 2421 non
2454 2366 2563 2421 nisi
2608 2364 3005 2439 complurium
3046 2362 3340 2419 mensium
3392 2358 3710 2418 intervallo

854 2462 913 2521 in
960 2480 1101 2522 usus
1154 2482 1293 2525 suos
1342 2468 1798 2538 converterint3
1836 2469 1923 2525 sic
1972 2466 2457 2551 respondendum
2510 2483 2645 2527 esse
2690 2482 3025 2527 censemus.
3121 2463 3378 2523 simulac
3422 2463 3638 2521 Franci
3678 2478 3712 2521 e

855 2569 1105 2641 regione
1150 2570 1499 2645 DImyathae
1540 2585 1735 2632 castra
1773 2573 2159 2647 posuissent,
2204 2574 2340 2631 illos
2388 2574 2605 2647 procul
2649 2572 2834 2629 dubio
2877 2569 3264 2628 adverterunt
3309 2568 3504 2627 fossae
3548 2568 3711 2623 illius

850 2676 1077 2730 veteris
1114 2675 1406 2751 vestigia,
1450 2690 1572 2736 tum
1624 2674 2076 2745 adexerciturn
2128 2693 2343 2737 contra
2374 2678 2641 2737 Arabum
2683 2677 3059 2762 incursiones
3108 2672 3426 2745 tuendum,
3468 2686 3590 2730 tum
3643 2668 3714 2729 ad

857 2792 1036 2835 naves
1073 2778 1133 2835 in
1166 2778 1375 2839 Nilum
1427 2778 1808 2840 deducendas
1862 2785 2432 2859 opportunissimae.
2524 2784 2678 2843 Cum
2728 2797 2880 2855 ergo
2937 2782 3006 2837 ab
3047 2782 3234 2839 altera
3273 2789 3443 2855 parte
3480 2777 3714 2837 Arabes

857 2878 1188 2952 instarent,
1250 2884 1321 2942 ab
1376 2886 1567 2943 altera
1627 2885 1816 2943 turris
1869 2887 2181 2945 Niloticae
2234 2886 2471 2945 obsidio
2533 2886 2593 2943 in
2660 2888 2906 2961 longum
2965 2884 3273 2956 traheret,
3333 2898 3514 2959 atque
3563 2879 3718 2939 adeo

856 2982 1188 3045 Christiani
1229 2985 1305 3045 de
1362 2991 1555 3047 classe
1591 2988 1651 3047 iu
1697 2988 1905 3048 Nilum
1945 2987 2387 3049 introducenda
2435 2989 2863 3066 desperarent,
2904 2989 2974 3049 ad
3029 2991 3247 3050 fossam
3293 2990 3450 3047 illam
3493 2988 3716 3047 instau-

862 3088 1093 3149 randam
1136 3107 1203 3152 se
1253 3094 1661 3156 contulerunt.
1741 3092 1923 3171 Quod
1980 3112 2131 3171 opus
2191 3112 2328 3155 cum
2376 3096 2738 3171 aliquantum
2797 3097 3234 3171 processisset,
3294 3092 3482 3155 turris
3529 3105 3716 3164 expu-

861 3208 1029 3266 gnata
1071 3209 1185 3257 est.
1276 3196 1429 3257 Tum
1468 3214 1654 3271 vere,
1696 3215 1763 3260 ut
1796 3202 2055 3279 lacobus
2107 3198 2185 3257 de
2227 3200 2503 3259 Vitriaco
2547 3201 2871 3275 queritur,
2911 3201 2999 3260 ad
3024 3202 3297 3268 desidiam
3347 3210 3406 3259 et
3437 3201 3713 3259 inertiam

865 3296 1119 3359 dcvo'luti
1136 3343 1156 3373 ,
1196 3317 1346 3360 more
1374 3322 1467 3364 suo
1501 3304 1801 3377 differendi
1829 3308 2115 3381 negotium
2152 3322 2373 3365 caussas
2394 3303 2880 3381 praetendebant.
2959 3309 3260 3380 Plurimi,
3295 3306 3463 3379 quasi
3496 3316 3562 3361 re
3599 3300 3716 3374 jam

866 3402 1136 3466 feliciter
1175 3421 1458 3481 peracta,
1504 3411 1563 3469 in
1612 3410 1866 3489 patriam
1910 3422 2321 3471 recesserunt.
2400 3406 2522 3486 Qui
2568 3424 3018 3481 remanserant,
3056 3411 3273 3485 partim
3309 3422 3444 3467 cum
3490 3404 3718 3465 morbis

866 3509 1200 3597 conflictati
1237 3528 1407 3584 sunt,
1444 3516 1661 3589 partim
1700 3516 2045 3589 proximum
2087 3515 2381 3597 trimestre
2417 3513 2670 3587 spatium
2713 3512 2782 3587 <a
2824 3510 2926 3568 die
2974 3530 3054 3589 24
3089 3510 3246 3585 Aug.
3286 3509 3357 3568 ad
3397 3527 3476 3586 29
3508 3507 3718 3584 Nov.)

872 3612 1029 3671 inani
1071 3618 1209 3679 cum
1250 3617 1561 3675 Saracenis
1604 3619 1967 3679 velitatione
2024 3629 2536 3686 consumserunt,
2592 3631 2702 3675 nec
2755 3630 3014 3689 magnam
3059 3617 3284 3676 interea
3319 3628 3561 3691 operam
3599 3614 3720 3672 fos-

874 3729 969 3773 sae
1010 3715 1450 3791 impenderunt.
1530 3720 1815 3779 Exeunte
1848 3735 2041 3781 autem
2080 3716 2425 3781 Novembri
2461 3730 2523 3776 et
2561 3719 2824 3791 proximi
2861 3721 3076 3779 mensis
3115 3721 3333 3794 initio',
3373 3722 3579 3794 ingens
3619 3720 3720 3777 illa

875 3820 1042 3878 maris
1098 3822 1332 3881 eluvies
1388 3838 1587 3883 rerum
1647 3823 1865 3883 faciem
1908 3826 2085 3898 plane
2136 3824 2408 3884 mutavit.
2500 3822 2652 3883 Nam
2711 3823 2862 3883 hanc
2913 3840 2972 3885 et
3031 3842 3158 3886 eam
3211 3839 3407 3887 terrae
3451 3838 3720 3900 partem,

878 3937 1054 3997 quam
1100 3924 1256 3985 inter
1302 3926 1508 3987 Nilum
1564 3937 1627 3997 et
1687 3927 1903 3986 fossam
1954 3928 2120 3986 sitam
2164 3928 2648 3989 Christianorum
2691 3942 2885 3988 castra
2931 3931 3445 4007 occupabant,‚et
3503 3927 3720 3985 fossam

880 4027 1067 4099 ipsam
1104 4030 1459 4105 corrupisse
1492 4032 1698 4110 Jacobi
1733 4032 1952 4102 verba,
1989 4045 2141 4107 quae
2180 4046 2257 4091 ex
2292 4033 2447 4091 fliius
2484 4034 2723 4110 epistola
2756 4034 2844 4094 ΠΙ
2886 4034 3314 4112 produximus,
3353 4031 3490 4092 satis
3527 4029 3724 4090 decla·

880 4146 1027 4197 rant.
1106 4131 1268 4193 Hinc
1307 4147 1461 4207 ergo
1496 4135 1859 4195 christianis
1899 4135 2193 4212 cupiditas
2242 4138 2468 4211 injecta
2507 4151 2599 4195 est
2641 4152 2831 4198 castra
2883 4154 2960 4197 ex
2997 4137 3149 4197 adeo
3186 4136 3422 4197 vadosis
3461 4148 3523 4195 et
3558 4134 3721 4211 peri-

877 4236 1103 4295 culosis
1148 4236 1303 4297 locis
1358 4239 1417 4309 in
1481 4240 1669 4311 ripam
1721 4240 2071 4299 orientalem
2120 4255 2497 4316 quantocyus
2537 4240 2981 4313 transferendi,
3039 4252 3126 4299 et·
3157 4242 3334 4301 simul
3387 4240 3714 4299 necessitas

882 4338 1164 4414 imposita
1207 4355 1443 4402 omnem
1484 4341 1631 4401 belli
1666 4342 1789 4404 vim
1824 4354 2005 4417 atque
2052 4344 2334 4419 impetum
2366 4341 2439 4401 ad
2472 4360 2722 4423 pontem
2759 4343 3243 4422 disrumpendum
3277 4340 3720 4409 conver-tend&

2337 4446 2411 4507 M
2452 4462 2541 4523 γ
3587 4456 3725 4505 cum

3209 0 3338 7 —v—-w
3365 0 3372 1 ff
3379 0 3614 7 *v—-v-——ss
3621 0 3666 4 -v
3678 0 3824 11 —--—v⁷

5179 3508 5181 3515 .
5178 3462 5181 3467 ,
5177 3306 5181 3431 ..u—...l
5171 3086 5182 3277 —.-——.*
