5242 6192
2717 731 2773 831 Ἐ
2872 726 2972 809 812'
3072 730 3128 828 2·

1495 941 1625 1015 pris
1658 936 1770 996 cele
1812 944 1941 1003 tor,
1985 936 2041 991 si
2062 930 2126 989 la
2157 933 2469 1003 garnirent
2500 940 2557 988 et
2588 928 2876 989 briserent
2906 930 2968 988 la
3001 922 3231 989 chaene.
3307 924 3474 999 Ergo
3519 926 3570 987 si
3617 928 3716 989 isti
3759 930 4082 1006 scriptores
4137 950 4356 1001 verum?

1513 1038 1841 1103 dixerunt,
1881 1049 1973 1093 res
2015 1035 2104 1093 sic
2145 1031 2527 1108 intelligenda
2568 1029 2855 1105 videtur,
2911 1047 3172 1093 catenam
3197 1072 3219 1104 ,
3261 1031 3312 1090 si
3351 1032 3533 1089 amica
3566 1033 3734 1091 navis
3774 1050 4012 1108 portum
4069 1053 4349 1113 peteret,

1516 1146 1694 1205 laxari
1747 1137 1987 1215 quidem
2028 1141 2305 1216 potuisse
2344 1136 2416 1197 ab
2474 1134 2791 1215 oppidanis
2844 1140 3060 1197 turrim
3111 1137 3384 1227 urbanam
3433 1134 3948 1211 custodientibus,
3989 1157 4106 1200 uon
4151 1144 4292 1205 item
4323 1160 4362 1201 a·

1508 1250 1690 1310 turris
1728 1245 2039 1305 Niloticae
2078 1245 2395 1315 excubiis,
2437 1258 2682 1318 quarum
2711 1242 2837 1301 hoe
2867 1258 3054 1303 unum
3094 1240 3356 1301 officium
3391 1254 3557 1312 erat,
3597 1256 3665 1300 ut
3703 1256 3961 1303 catenam
3997 1259 4352 1321 tuerentur,

1508 1370 1629 1413 non
1670 1355 1813 1411 item
1850 1365 1917 1411 ut
1958 1364 1989 1406 a
2026 1348 2473 1409 transeuntibus
2506 1336 2846 1423 portorium
2891 1348 3228 1422 exigerent.
3325 1344 3445 1405 Sed
3497 1346 3641 1405 haec
3691 1348 3920 1408 leviora
3953 1364 4132 1423 sunt;
4181 1352 4240 1411 in
4282 1345 4360 1412 ἑο

1508 1474 1681 1519 certe
1712 1456 1927 1533 optimi
1962 1467 2021 1514 et
2055 1452 2450 1529 antiquissimi
2492 1453 2716 1528 quique
2749 1453 3084 1529 scripto-res
3115 1451 3502 1526 conspirant,
3537 1463 3713 1529 capta
3747 1451 3966 1513 demum
4002 1460 4164 1515 turri
4187 1456 4362 1517 Chri·

1517 1565 1736 1623 stianos
1766 1574 2005 1619 catenae
2030 1561 2160 1617 sive
2194 1556 2515 1617 solvendae
2535 1599 2554 1630 ,
2574 1559 2709 1618 sive
2735 1556 3100 1633 frangendae
3120 1598 3140 1629 ,
3165 1568 3512 1645 potestatem
3537 1554 3840 1622 habuisse.
3883 1558 4186 1619 Dissentit
4213 1575 4374 1620 vero·

1500 1664 1763 1745 Joannes
1801 1679 1832 1720 a
1856 1659 2453 1737 Leidisjcarmeiita·,
2487 1663 2678 1724 seculi
2716 1662 2940 1725 decimi
2980 1661 3179 1739 quinti
3205 1661 3472 1736 scriptor
3493 1704 3512 1733 ,
3537 1660 3711 1736 cuius
3742 1662 4162 1725 auctoritatem
4193 1664 4364 1723 multi

1508 1780 1878 1842 sequuntur;
1917 1764 2203 1829 dissentit
2220 1768 2395 1829 etiam
2427 1762 2731 1841 popularis
2754 1762 3113 1838 Belgarum,
3150 1766 3283 1825 sive
3317 1766 3525 1841 potius
3549 1768 4055 1841 Harlemensium,
4091 1766 4370 1837 traditio,

1514 1874 1717 1946 ignota
1750 1886 1816 1931 ut
1852 1872 2175 1947 plurimum
2214 1872 2442 1932 exteris
2466 1910 2486 1942 ,
2528 1864 2632 1927 sed
2665 1868 2822 1927 inter
2850 1883 3150 1931 nostrates
3185 1868 3335 1930 adeo
3371 1870 3710 1945 celebrata,
3749 1884 3856 1944 ut,
3891 1870 4004 1929 hac
4043 1872 4374 1929 occasione

1516 1974 1645 2037 data
1668 2018 1689 2047 ‚
1745 1992 1777 2034 a
1812 1976 1985 2033 nobis
2030 1976 2279 2036 silentio
2336 1975 2734 2051 praetermitti
2774 1988 3076 2049 nequeat,
3118 1973 3229 2032 sed
3261 1976 3634 2049 peculiarem
3672 1975 3788 2035 sibi
3825 1972 4024 2035 sedem
4060 1988 4117 2034 et
4163 1975 4366 2033 locum

1516 2082 1576 2139 in
1614 2093 1814 2139 nostra
1843 2078 2251 2154 disputatione
2281 2081 2579 2155 postulet.
2657 2075 2792 2153 Qua
2825 2074 2898 2135 de
2926 2091 2991 2134 re
3015 2090 3081 2138 nt
3106 2078 3320 2137 melius
3343 2080 3606 2139 lectores
3629 2074 3893 2152 iudicare
3929 2078 4200 2154 possint,
4237 2078 4371 2151 pri-

1431 2240 1440 2245 .
1520 2199 1679 2243 mum
1732 2184 2029 2257 integrum
2074 2185 2273 2251 locum
2313 2184 2553 2264 Joannis
2596 2197 2630 2241 a
2665 2178 2888 2256 Leydis
2913 2219 2937 2254 ,
2984 2195 3016 2239 e
3061 2180 3377 2243 Chronico
3419 2182 3584 2241 illius
3623 2163 3881 2253 Belgico
3906 2221 3928 2253 ,
3966 2198 4002 2241 a
4039 2181 4383 2241 Francisco·

1520 2284 1823 2345 Sweertio
1862 2285 1921 2345 in
1951 2286 2264 2347 Annalium
2292 2288 2688 2361 Belgicorum
2726 2285 2936 2345 Tomo·
2959 2286 3160 2360 primo
3197 2285 3700 2347 Francofurti‘A.
3725 2285 3878 2349 1620
3910 2281 4120 2356 edito,
4148 2282 4372 2361 depro-

1520 2406 1745 2463 mtum,
1796 2391 2209 2451 exscribemus
2240 2408 2261 2462 .·,
2296 2390 2435 2450 dein
2473 2389 2585 2449 alia
2631 2386 2899 2464 eiusdem
2937 2390 3168 2451 veteris
3215 2387 3554 2450 traditionis
3599 2390 3856 2464 vestigia
3898 2400 4390 2467 persequemur,

1518 2509 1826 2569 postremo
1862 2508 2124 2554 nostrum
2162 2495 2604 2568 qualecumque
2643 2492 2720 2554 de
2753 2508 2880 2553 tota
2911 2510 2977 2554 re
3009 2492 3308 2566 judicium
3339 2494 3749 2568 subjiciemus.
3813 2494 4058 2573 Joannis
4091 2489 4382 2567 aLeydis-

1516 2598 1704 2657 verba
1753 2598 1983 2671 igitur,
2036 2612 2185 2671 quae
2241 2596 2385 2658 Lib.
2426 2595 2658 2659 XVIII.
2716 2610 2777 2659 c.
2813 2615 2892 2657 20
2940 2599 3271 2672 leguntur,
3327 2598 3480 2658 haec
3532 2610 3706 2659 sunt:
3764 2596 4093 2673 Imperator
4131 2605 4366 2668 autem,

1504 2705 1796 2781 plerisque
1843 2700 2253 2763 munitionibus
2302 2705 2509 2762 eversis
2522 2739 2545 2772 ,
2599 2702 2950 2761 Damiatam
2988 2702 3184 2761 urbem
3227 2702 3475 2777 Aegypti
3501 2698 3953 2781 pulcherrimam
4002 2700 4367 2763 circumobse-

1518 2808 1611 2868 dit
1630 2849 1650 2879 ,
1706 2806 1790 2865 ad
1858 2784 1989 2865 uam
2028 2804 2463 2865 subvertendam
2520 2808 2711 2867 multa
2764 2816 3172 2867 tormentorum
3217 2824 3435 2882 genera
3479 2808 3716 2869 diversis
3759 2824 3884 2867 cum
3934 2810 4180 2881 ingeniis
4227 2804 4376 2865 ada-

1510 2922 1661 2989 ptav
1716 2950 1738 2972 .
1816 2908 1933 2969 Sed
1965 2906 2065 2969 hoc
2104 2913 2339 2968 minime
2367 2908 2638 2987 proficit3
2667 2915 3016 2987 praesertim
3069 2929 3194 2971 eune
3237 2923 3300 2971 et
3328 2910 3521 2971 eadem
3559 2914 3696 2973 urbs
3726 2908 3990 2971 humanis
4023 2914 4190 2987 quasi
4221 2911 4369 2969 viri·

1500 3016 1625 3075 ·bus
1664 3012 1793 3089 fuit
1836 3013 2298 3089 inexpugnabilis
2313 3052 2335 3084 ,
2386 3022 2447 3071 et
2485 3016 2642 3075 omni
2681 3025 2856 3091 parte
2889 3025 3306 3092 praeterquam
3352 3014 3438 3075 ad
3462 3026 3706 3090 portam
3739 3016 3841 3091 (l.
3873 3013 4154 3088 portum)
4210 3016 4371 3073 inac-

1525 3120 1792 3178 cessibilis
1814 3138 1835 3175 .·
1882 3118 1959 3177 ab
2006 3128 2256 3193 utraque
2288 3134 2421 3177 vero
2447 3129 2632 3195 parte
2689 3121 2979 3179 maritimi
3026 3128 3231 3193 portus
3251 3160 3272 3192 ,
3325 3130 3524 3180 castra
3582 3120 3898 3180 constituta
3940 3117 4344 3191 preminebant
4359 3154 4392 3187 ,

1531 3240 1680 3299 quae
1737 3225 1951 3280 eunctis
1991 3220 2319 3281 introeundi
2370 3219 2597 3281 aditum
2638 3239 2893 3283 securum
2940 3224 3354 3299 navigantibus
3419 3224 3802 3300 denegabant.
3918 3221 4124 3281 Turres
4168 3222 4379 3279 etenim

1526 3330 1883 3388 alterutrum
1922 3320 2007 3401 (8
2024 3326 2061 3401 )
2098 3343 2175 3383 ex
2208 3321 2447 3385 adverso
2489 3343 2615 3387 cum
2663 3328 2917 3387 vectibus
2957 3332 3149 3387 aeneis
3187 3339 3248 3388 et
3281 3325 3538 3390 cathenis
3578 3331 3774 3403 subter
3809 3339 4018 3400 aquam
4061 3321 4384 3381 latentibus-

1530 3432 2028 3491 eombinabantur.
2104 3428 2311 3502 Itaque
2346 3432 2709 3489 civitatenses
2738 3446 2846 3487 non
2875 3433 3152 3491 assultum
3187 3434 3384 3503 urbis,
3423 3450 3524 3492 nec
3547 3428 3775 3489 hostiles
3809 3428 4152 3487 incursiones
4183 3425 4378 3501 aliquo

1531 3533 1687 3593 modo
1727 3537 2098 3593 verebantur.
2172 3532 2418 3591 Interea·
2438 3529 2779 3592 Wlhelmus
2819 3532 2889 3591 de
2915 3532 3233 3595 Hollandia
3273 3532 3504 3595 secundo
3533 3534 3765 3609 genitus
3795 3527 4066 3606 praefati
4095 3530 4377 3602 Florentii

1536 3634 1771 3697 Comitis
1806 3634 2152 3695 Hollandiae
2172 3675 2193 3707 ,
2247 3654 2373 3695 cum
2414 3634 2912 3697 Haerlemensibus
2957 3639 3380 3717 confoederatus
3423 3651 3506 3701 est
3523 3680 3545 3713 ,
3584 3641 3686 3714 qui
3724 3644 3998 3711 coaptata
4043 3652 4193 3695 nova
4241 3636 4390 3695 clas·

1536 3756 1593 3799 se
1608 3779 1629 3813 ,
1659 3750 1894 3814 pat-rem
1938 3755 2096 3797 suum
2134 3739 2217 3798 ad
2242 3750 2466 3799 terram
2505 3753 2766 3801 sanctam
2806 3760 2930 3803 cum
2974 3748 3284 3820 armigeris
3317 3743 3664 3805 electissimis
3700 3748 3983 3801 assecutus
4014 3749 4134 3799 est‘.
4207 3736 4386 3799 Intel-

1534 3843 1711 3917 Bgens
1760 3853 1953 3902 autem
2000 3838 2145 3902 idem
2186 3842 2521 3911 Wllrelmus
2564 3850 2736 3905 situm
2787 3856 2848 3905 et
2889 3858 3109 3909 statum
3153 3850 3550 3909 Damiatensis
3599 3845 3796 3918 urbis,
3847 3860 3921 3903 ex
3963 3841 4257 3903 industria
4287 3845 4388 3902 sui*

1535 3949 1758 4022 ingenii
1773 3944 1927 4021 fecit
1963 3951 2025 4008 in
2060 3948 2275 4031 modum
2324 3930 2531 4009 sarrae
2570 3966 2774 4009 navem
2821 3967 2983 4011 suam
3011 3962 3124 4023 per
3155 3967 3368 4026 aquam
3394 3949 3611 4022 findere
3628 3990 3649 4022 ‚
3689 3958 4029 4020 exspectans·
4047 3943 4134 4005 ad
4165 3954 4390 4022 tempus-

1533 4062 1762 4110 ventum
1804 4052 1916 4111 sibi
1944 4065 2301 4133 prosperum.
2374 4053 2617 4114 Tandem
2647 4050 2806 4125 flatu
2849 4064 2909 4113 et
2943 4062 3128 4111 vento·
3160 4052 3434 4129 adoptato
3475 4058 3778 4111 ventorum
3813 4046 4002 4125 flante
4021 4089 4044 4121 ,
4072 4047 4384 4125 praffatus

1534 4150 1869 4215 Wlh‘elmus
1902 4168 2088 4216 ratem
2126 4160 2365 4235 aptavit
2384 4195 2406 4227 ,
2444 4156 2575 4217 vela
2620 4156 2874 4217 tetendit
2891 4197 2912 4228 ,
2949 4166 3014 4217 et
3049 4164 3279 4231 portum
3325 4155 3638 4230 expetivit.
3731 4151 3816 4214 Et
3861 4171 3982 4214 ecee
4023 4153 4164 4213 mole
4207 4152 4321 4213 veli
4355 4180 4396 4196 --

1534 4256 1729 4313 0⁹¹²&ss
1762 4261 1983 4331 ”affl-2.
2010 4272 2087 4321 et·
2106 4250 2368 4327 'acumine
2405 4278 2598 4325 serrae
2633 4260 2992 4325 corrodentis·
3014 4272 3211 4324 vectes·
3226 4278 3439 4323 aeneae
3473 4258 3771 4341 disruptae
3807 4269 3994 4332 sunt„
4015 4269 4076 4318 et
4112 4254 4404 4317 cathenae·

4251 4351 4392 4431 flm-
