5242 6192
2116 839 2167 945 <
2261 844 2505 948 97>

876 1042 1147 1109 Gemella
1192 1042 1377 1119 igitur
1422 1056 1511 1105 est
1543 1038 1761 1107 Emesa
1788 1082 1808 1116 ‚
1851 1053 2002 1123 quae
2062 1054 2183 1106 tum
2220 1043 2514 1120 temporis
2548 1040 2795 1117 parebat
2828 1044 2879 1104 al
2925 1040 3180 1106 Maleko
3231 1042 3286 1101 al
3335 1036 3706 1119 Modlahedo

874 1148 1254 1211 Schircoubo
1280 1148 1380 1207 ibn
1418 1146 1831 1213 Mohammed.
1888 1148 1996 1211 Cf.
2028 1147 2240 1210 Abulf.
2279 1146 2359 1208 A.
2390 1146 2483 1209 M.
2524 1146 2599 1209 T.
2635 1142 2742 1207 IV.
2787 1166 2848 1225 p.
2876 1162 3006 1221 302.
3089 1147 3218 1207 Cur
3255 1148 3563 1220 Emesam,
3605 1151 3705 1207 vel

878 1252 1085 1329 potius
1130 1248 1421 1313 ditionem
1472 1252 1857 1323 Emesanam,
1900 1253 1990 1310 sic
2033 1253 2385 1327 appellarint
2423 1250 2618 1313 Medii
2656 1252 2814 1311 Aevi
2852 1253 3189 1328 scriptores
3227 1252 3344 1311 sibi
3399 1266 3519 1309 non
3573 1252 3710 1309 satis

875 1368 1148 1413 constare
1188 1352 1377 1438 fassus
1417 1370 1506 1415 est
1544 1354 1910 1415 Koehlerus.
1983 1354 2181 1415 Nobis
2215 1356 2461 1416 maxime
2500 1360 2702 1433 placet
2751 1355 3011 1429 scriptio
3046 1353 3440 1414 vitriacensis
3476 1348 3714 1411 chame-

874 1456 927 1515 le
948 1496 969 1525 ,
1007 1472 1179 1528 quarn
1215 1472 1401 1517 ortam
1434 1473 1569 1517 esse
1610 1459 1963 1534 conjicimus
1989 1474 2068 1519 ex
2106 1462 2212 1524 Gr.
2236 1469 2530 1537 χαμηλῆ,
2569 1462 2611 1522 i.
2641 1476 2694 1522 e.
2728 1455 2999 1529 humilis,
3037 1455 3202 1533 quod
3233 1470 3452 1513 nomen
3482 1454 3712 1529 optime

875 1559 1113 1631 quadrat
1146 1562 1205 1618 in
1246 1577 1369 1620 eam
1393 1577 1621 1637 partem
1652 1562 1899 1638 Syriae,
1932 1564 2083 1641 quae
2110 1568 2247 1625 alias
2281 1568 2451 1635 κοίλη
2488 1565 2843 1641 appellatur.
2920 1560 3055 1622 Hoc
3089 1577 3244 1621 vero
3278 1574 3354 1618 ex
3379 1558 3710 1618 Nuweirio

872 1659 1084 1734 disce,
1134 1664 1185 1723 al
1244 1664 1551 1725 Malekum
1602 1666 1654 1723 al
1713 1668 2010 1744 Fayezum
2068 1669 2345 1730 donatum
2404 1670 2596 1729 fuisse
2649 1682 2679 1724 a
2731 1680 2901 1742 patre
2953 1667 3004 1723 al
3054 1662 3256 1723 Adelo
3318 1661 3488 1719 urbis
3543 1661 3710 1719 Kous

870 1769 1140 1867 (0933)
1199 1791 1259 1836 et
1304 1772 1703 1850 adjacentium
1753 1789 2036 1847 agrorum
2104 1773 2301 1837 reditu
2331 1816 2352 1848 ,
2403 1774 2778 1848 eundemque
2821 1778 2937 1852 ipsi
2992 1776 3063 1834 ab
3116 1776 3170 1832 al
3223 1773 3476 1835 Camelo
3517 1770 3706 1830 fuisse

872 1881 1308 1944 confirmatum.
1399 1886 1496 1943 De
1538 1884 1695 1943 urbe
1740 1884 1908 1946 Kous
1944 1886 2004 1945 in
2054 1886 2342 1959 Aegypto
2382 1883 2686 1960 superiori
2731 1884 2845 1943 sita
2876 1898 2938 1943 et
2969 1879 3295 1944 duodecim
3343 1882 3572 1943 dierum
3613 1882 3715 1941 itl-

868 1994 1018 2039 nere
1042 2000 1072 2041 a
1090 1984 1408 2045 Fosthatha
1429 2001 1655 2047 remota
1676 1986 1854 2061 vide,
1894 2003 2132 2065 praeter
2151 1985 2507 2047 Abulfedam
2534 1988 2739 2077 Descr.
2766 1987 2911 2065 Aeg.
2942 2007 3004 2065 p.
3029 2000 3098 2065 ¹7
3135 1986 3172 2064 (
3193 1984 3315 2059 13)
3355 1990 3498 2048 eait.
3530 1982 3716 2043 Mich.

869 2100 931 2145 et
968 2090 1111 2149 Lex.
1157 2089 1401 2165 Geogr.,
1455 2090 1876 2167 Champollion
1913 2088 2179 2167 I'Egypte
2207 2108 2329 2151 sous
2360 2092 2439 2149 les
2473 2089 2660 2153 Phar.
2693 2093 2769 2153 T.
2807 2092 2862 2155 1.
2915 2110 2980 2167 p.
3009 2095 3144 2169 284.
3221 2091 3490 2166 Reliqua
3522 2103 3720 2160 vere,

874 2206 1028 2263 quae
1066 2190 1141 2249 de
1180 2195 1233 2251 al
1274 2192 1521 2253 Maleko
1564 2195 1613 2252 al
1654 2194 1898 2269 Fayezo
1928 2191 2226 2253 monenda
2258 2209 2517 2266 restant,
2558 2194 2711 2253 infra
2742 2195 3228 2257 memorabimus.

942 2290 1124 2370 (47)
1162 2294 1457 2356 Adventus
1490 2299 1557 2357 al
1588 2296 1803 2358 Sahebt’
1836 2296 2172 2376 Saffioddini
2202 2300 2301 2359 {bn
2340 2294 2638 2373 Schaeker]
2703 2296 2895 2371 Huius
2944 2300 3100 2367 viri,
3150 2298 3256 2355 sub
3302 2300 3356 2356 al
3393 2294 3624 2355 Maleki
3661 2298 3713 2354 al
3761 2278 3768 2283 ’

865 2394 1048 2457 Adeli
1096 2397 1325 2473 filiique
1368 2403 1422 2459 al
1468 2402 1700 2463 Cameli
1750 2402 2101 2478 principatu
2161 2398 2318 2476 apud
2365 2400 2700 2476 Aegyptios
2762 2401 2944 2470 clari,
2999 2402 3158 2459 nulla
3194 2396 3358 2460 forte
3419 2400 3481 2456 in
3535 2396 3712 2457 editis

863 2494 1038 2556 libris
1074 2502 1361 2559 memoria
1404 2517 1636 2575 exstat,
1677 2505 1730 2566 sl
1762 2520 1945 2565 unum
1987 2500 2506 2564 Chrestomathiae
2534 2502 2825 2578 Sacyanae
2864 2505 3066 2562 locum
3119 2502 3446 2577 exceperis
3481 2500 3637 2559 infra
3679 2513 3712 2557 a

858 2600 1035 2659 nobis
1084 2600 1572 2677 producendum
1624 2619 1993 2685 quapropter
2036 2611 2198 2667 vitae
2237 2607 2397 2665 illius
2448 2616 2777 2695 rerumque
2827 2616 3125 2682 gestarunt
3165 2605 3413 2664 brevem
3457 2606 3715 2677 aliquam

685 2694 693 2701 ’
730 2770 735 2773 ,
862 2700 1321 2769 delineationem
1359 2724 1435 2769 ex
1463 2710 1788 2773 Nuwcirio
1832 2724 1894 2772 et
1924 2709 2236 2771 Makrizio
2284 2709 2426 2773 MS.
2454 2710 2589 2786 276.
2635 2727 2701 2787 p.
2730 2712 2864 2788 847.
2902 2708 3039 2772 MS.
3077 2722 3212 2786 372.
3259 2706 3482 2769 T.111.
3517 2722 3580 2780 p.
3601 2720 3714 2779 230

861 2823 1303 2883 proponemus.
1339 2840 1420 2859 -
1454 2814 1530 2874 Al
1570 2812 1761 2874 Saheb
1782 2811 1980 2892 (sive
2015 2818 2355 2895 Princeps)
2394 2815 2793 2894 Safyoddinus
2814 2820 2996 2881 Abou
3019 2812 3404 2879 Mohammed
3423 2813 3713 2875 Abdallah
3789 2878 3798 2891 ο

868 2910 972 2970 ibn
1020 2913 1073 2971 ιι
1110 2912 1446 2977 Mokhaues
1483 2908 1684 2979 Aboin
1716 2920 1906 2981 Hasan
1938 2924 2041 2984 Ali
2083 2924 2189 2984 ibn
2240 2926 2294 2984 al
2330 2924 2566 2984 Hosein
2617 2902 2721 2984 ibn
2750 2920 2889 2985 abd
2925 2924 2978 2981 ar
3017 2922 3206 2983 Mank
3251 2920 3352 2983 ibn
3389 2922 3442 2980 ιι
3480 2916 3710 2977 Hosein

864 3016 969 3076 ibn
997 3019 1049 3077 al
1092 3020 1286 3081 Hasan
1328 3021 1429 3082 ibn
1464 3020 1754 3086 Mansour
1804 3026 2223 3104 Koreischita,
2281 3030 2735 3106 cognominatus
2775 3042 2868 3089 cst
2910 3026 3022 3089 Ibn
3068 3026 3335 3087 Schaker
3371 3040 3404 3083 a
3450 3033 3708 3096 cognato

842 3129 1129 3181 'materno
1170 3124 1607 3188 Kemaloddino
1633 3128 1903 3191 Ahmede
1940 3132 2043 3191 ibn
2076 3130 2381 3206 Schaker,
2417 3134 2559 3205 vel,
2601 3146 2671 3191 ut
2701 3128 3042 3193 Makrizius
3067 3130 3198 3201 ait,
3233 3144 3266 3187 a
3293 3125 3560 3195 vitrico,
3599 3120 3710 3197 qui

864 3224 1058 3297 ipsum
1100 3227 1495 3308 educaverat,
1537 3237 1758 3318 Judice
1797 3253 1860 3301 et
1892 3242 2135 3305 Veziro
2165 3244 2219 3303 al
2248 3240 2423 3301 Aizo
2461 3234 2687 3347 (jen)
2725 3229 3706 3304 FakhroddinoibnAboulAbbu

864 3334 1099 3395 Ahmed
1137 3340 1237 3399 ibn
1270 3341 1556 3410 schaker.
1633 3348 1829 3411 Natus
1862 3365 1957 3412 est
1987 3352 2067 3415 A.
2094 3354 2202 3430 548
2247 3348 2455 3428 (Chr.
2486 3368 2635 3428 1153
2653 3348 2819 3429 —4)
2856 3364 3064 3410 mense
3103 3350 3346 3415 Safar-o,
3382 3348 3442 3403 in
3475 3336 3710 3417 oppido

856 3440 1140 3507 Dafflil'ae
1194 3444 1523 3553 (isto-211)
1583 3460 1938 3532 provinciae
1979 3462 2387 3537 Aegyptiacae
2444 3462 2501 3521 al
2554 3460 2930 3533 Garbiyyeb.
3020 3454 3282 3515 Primum
3325 3456 3387 3513 in
3437 3449 3710 3511 notitiam

864 3557 1034 3615 venit
1055 3561 1106 3619 al
1129 3554 1367 3621 Maleki
1398 3564 1453 3620 al
1486 3560 1669 3623 Adeli
1700 3567 1777 3628 A.
1806 3568 1919 3643 587
1957 3566 2148 3646 (Chr.
2178 3584 2319 3643 1191
2340 3564 2509 3642 —2)
2533 3608 2557 3639 ,
2595 3580 2732 3629 cum
2771 3568 2887 3627 iste
2933 3583 2965 3625 a
2999 3564 3275 3627 saladino
3307 3562 3498 3622 classi
3530 3573 3706 3636 prae·

866 3658 1061 3719 fectus
1092 3674 1279 3719 esset.
1334 3662 1494 3721 Dein
1532 3679 1868 3738 perpetuus
1905 3668 2065 3729 illius
2090 3669 2367 3728 fortunae
2402 3684 2605 3731 comes
2639 3670 2791 3741 fult,
2811 3670 3215 3747 promisitque
3249 3666 3367 3745 ipsi
3387 3666 3496 3726 sub
3525 3664 3709 3739 juris·

856 3758 1097 3833 iurandi
1133 3764 1431 3837 religione
1451 3766 1529 3826 Al
1550 3764 1781 3827 Adelus
1795 3771 2067 3847 Aegypti
2090 3772 2529 3847 praefecturam
2550 3814 2574 3847 ,
2615 3774 2667 3833 si
2708 3773 2875 3835 illius
2920 3776 3189 3851 regionis
3227 3786 3479 3846 compos
3505 3766 3708 3831 fieret.

860 3862 1009 3939 Quo
1040 3880 1287 3925 munere
1317 3863 1615 3947 deinceps
1648 3884 1932 3943 ornatus,
1972 3874 2413 3950 Aegyptlorum
2440 3874 2666 3935 animos
2701 3877 3108 3937 exactionibus
3147 3890 3267 3934 non
3303 3872 3495 3933 minus
3529 3882 3702 3944 quam

864 3969 1235 4030 intolerabili
1266 3974 1442 4048 plane
1479 3975 1762 4051 superbia
1795 3993 1828 4036 a
1860 3992 1927 4038 se
1964 3978 2265 4041 alienavit.
2340 3978 2493 4040 Nam
2548 3978 3069 4056 gynaeconitidem
3101 3977 3358 4037 habebat
3398 3970 3702 4036 sultanlca

821 4063 981 4129 'non
1020 4072 1413 4148 inferiorem,
1450 4079 1738 4155 ipsosque
1782 4082 1837 4138 al
1876 4079 2054 4141 Adeli
2088 4078 2246 4143 filios
2292 4086 2588 4160 tantisper
2626 4080 2699 4142 ad
2727 4084 2956 4160 Jannam
3005 4089 3374 4161 exspectare
3417 4072 3702 4151 jubebat,

726 4232 733 4239 ,
857 4166 1059 4231 donec
1104 4186 1210 4235 eos
1248 4172 1320 4232 ad
1366 4192 1719 4239 consessum
1756 4196 1931 4241 suum
1982 4180 2345 4247 admitteret.
2444 4185 2581 4263 Qua
2627 4200 2697 4246 re
2748 4188 2865 4247 etsi
2913 4186 3028 4262 ipsi
3076 4185 3320 4245 Sultano
3367 4178 3706 4255 suspectior

860 4290 989 4334 esse
1020 4278 1356 4355 coepit,·at
1391 4280 1774 4341 nihilominus
1808 4298 2001 4343 tamen
2036 4301 2191 4347 tanta
2227 4288 2351 4348 fuit
2386 4288 2742 4365 Safyoddini
2773 4292 3100 4352 auctoritas
3122 4329 3145 4361 ,
3181 4300 3290 4363 ut,
3327 4301 3464 4346 cum
3498 4282 3703 4361 P⁸U110

858 4395 1003 4455 post
1053 4385 1211 4445 inter
1261 4397 1397 4446 eum
1434 4400 1496 4449 et
1530 4388 1818 4450 vitricum
1862 4392 2125 4455 simultas
2172 4405 2385 4455 exorta
2420 4408 2587 4471 erat,
2625 4396 2799 4471 isque
2832 4392 2904 4455 ad
2946 4396 3000 4454 al
3048 4391 3358 4457 Malekum
3397 4390 3451 4449 al
3487 4388 3703 4449 Came-

2316 4496 2382 4554 Ν
3583 4488 3704 4545 lum
