5242 6192
2699 788 3136 895 (1283

1502 994 1787 1059 Makrizii
1832 992 2200 1070 temporibus
2246 980 2431 1055 naves'
2498 994 2807 1054 onerariae
2863 993 3116 1068 maiores
3167 1004 3331 1052 extra
3389 988 3606 1053 flumen
3661 988 3721 1049 in
3769 989 3893 1051 salo
3940 990 4320 1071 subsistere,⁸

1504 1118 1564 1162 et
1626 1118 1857 1164 merces
1925 1106 1986 1165 in
2044 1104 2287 1179 scaphas
2336 1106 2647 1174 minores,
2702 1132 2863 1217 (31.3»,
2929 1090 3284 1177 appellatas,
3349 1103 3666 1163 transferri
3736 1099 4084 1175 deberent,·
4172 1120 4322 1179 quae
4382 1170 4392 1193 ,

1504 1215 1694 1272 omnia
1750 1213 2053 1289 hodieque
2114 1212 2318 1271 eadem
2373 1212 2600 1271 ratione
2663 1215 2870 1288 peragi
2931 1226 3136 1272 notum
3193 1225 3307 1274 est.
3408 1212 3825 1290 Reprehendit
3869 1218 4028 1273 vero·
4073 1228 4321 1285 auctor,

1496 1314 1721 1375 ibidem
1783 1318 1955 1390 loci,
2010 1316 2520 1391 Dimyathensium
2578 1317 2877 1375 inscitiam
2907 1316 3073 1381 banc
3117 1312 3429 1390 navigandi
3483 1316 3883 1378 difficultatem
3939 1321 4330 1379 accumulatis

1500 1422 1694 1478 arenis
1752 1418 2249 1487 adscribentium3
2310 1418 2475 1492 quod
2535 1420 2585 1479 si
2638 1418 2772 1493 jure
2826 1420 3084 1489 fecerit,
3141 1432 3320 1494 atque
3383 1417 3535 1478 adeo
3589 1414 3905 1480 hodiernae
3959 1423 4132 1481 etiam
4191 1422 4330 1481 ostii

1500 1523 1658 1581 illius
1718 1526 2018 1595 angustiae
2070 1541 2101 1582 a
2160 1523 2400 1585 Bibarsi
2458 1524 2751 1599 operibus
2805 1521 3166 1597 repetendae
3225 1525 3382 1594 sint',
3429 1521 3678 1584 ‘eosdem
3723 1524 3920 1583 litoris
3974 1523 4336 1600 Aegyptiaci

1499 1624 1641 1685 fines
1684 1629 2001 1700 mansisse,
2034 1640 2146 1687 nec
2187 1640 2330 1703 post
2365 1626 2627 1687 medium
2676 1629 2946 1687 seculum
2993 1628 3141 1687 XIII
3181 1624 3332 1686 illud
3373 1626 3490 1686 ulla
3529 1628 3892 1688 incrementa
3937 1629 4174 1702 cepisse
4207 1636 4331 1686 ma⁸

1494 1728 1782 1789 nifestum
1825 1746 1940 1792 est.
2016 1729 2130 1791 Sed
2158 1747 2225 1791 ut
2264 1732 2533 1805 reliquos
2576 1732 2835 1792 omittam
2873 1742 3189 1801 auctores,
3228 1731 3334 1806 qui
3375 1730 3501 1790 illas
3543 1732 3876 1805 angustias,
3915 1728 4152 1805 Bogbaz
4193 1734 4235 1790 i.
4277 1746 4338 1789 e.

1472 1830 1675 1903 fauces
1699 1878 1717 1905 ,
1756 1836 2075 1911 appellatas
2098 1876 2119 1911 ,
2158 1839 2522 1909 attigerunt3
2570 1834 2641 1895 ad
2681 1837 3029 1913 opinionem
3070 1837 3242 1895 istam
3282 1833 3654 1897 evertendam
3693 1836 3796 1894 hic
3835 1848 4016 1893 unum
4064 1832 4332 1891 laudasse

1499 1936 1854 2009 suffecerit,
1893 1940 1995 2013 qui
2042 1942 2226 2001 instar
2259 1942 2528 2000 omnium
2562 1954 2692 2012 est,
2733 1940 2944 2002 Virum
2989 1937 3237 2004 Erudit.
3276 1939 3332 2019 J.
3369 1938 3462 2001 M.
3487 1940 3544 1999 le
3580 1940 3734 1999 Pere
3759 1978 3778 2008 ‚
3819 1938 3880 1994 in
3911 1934 4336 1997 dissertatione

1493 2037 1559 2095 de
1598 2042 1985 2113 conjunctione
2014 2044 2213 2102 Maris
2256 2041 2443 2103 Indici
2482 2056 2541 2101 et
2580 2044 2808 2103 Inter-m·
2845 2044 2880 2121 (
2905 2044 3180 2103 Memot're
3219 2061 3318 2102 sur
3370 2046 3432 2103 la
3473 2044 3941 2103 communit-atlon
3989 2040 4056 2097 de
4101 2043 4164 2098 la
4194 2040 4332 2099 Mer

1493 2140 1587 2199 des
1632 2142 1796 2200 Indes
1841 2147 1881 2201 ὰ
1931 2148 1995 2203 la
2041 2146 2481 2206 Mediterranee
2524 2160 2648 2222 par
2691 2150 2755 2206 la
2795 2146 2933 2207 Mer
2984 2145 3180 2221 Rouge
3223 2158 3284 2207 et
3327 2142 3586 2205 l’lstbme
3637 2145 3706 2203 de
3753 2138 4007 2219 soueys)
4066 2140 4224 2201 edita
4272 2144 4336 2199 in

1492 2242 1783 2321 Descript.
1825 2244 2073 2323 Aegypti
2123 2248 2200 2311 T.
2240 2250 2349 2310 xl.
2450 2248 2567 2310 Hic
2602 2253 2792 2325 igitur
2831 2250 3137 2323 azia-oreae
3174 2266 3292 2309 non
3333 2262 3556 2310 tantum
3592 2244 3818 2307 diserte
3858 2244 4144 2318 affirmat,
4203 2246 4332 2305 illas
4445 2244 4452 2250 “

1492 2345 1741 2420 fauces,
1782 2352 1912 2411 sive
1952 2350 2189 2427 Boghaz
2230 2351 2362 2430 (de
2413 2353 2632 2428 quibus
2683 2358 2804 2431 agit
2853 2356 3024 2417 sect.
3063 2356 3146 2419 11.
3196 2356 3257 2433 s.
3289 2356 3367 2417 V.
3417 2370 3480 2429 p.
3509 2352 3622 2427 236
3661 2347 3838 2427 sqq.)
3893 2364 3972 2409 ex
4021 2364 4328 2411 arenarum

1498 2438 1793 2522 cumulis,
1839 2458 2019 2513 maris
2068 2459 2448 2532 fluminisque
2497 2457 2792 2519 conflictu
2839 2460 3140 2535 aggestis,
3183 2460 3374 2532 oriri,
3431 2455 3541 2517 sed
3581 2457 3752 2516 etiam
3789 2454 4135 2533 Canopitici
4184 2456 4330 2514 ostii

1492 2544 1629 2622 (de
1668 2568 1794 2624 quo
1830 2552 2168 2611 claudendo
2192 2570 2387 2619 1certe
2428 2572 2545 2613 nec
2574 2560 2862 2617 Bibarsus
2891 2600 2912 2630 ,
2955 2576 3069 2619 nec
3111 2564 3262 2619 alius
3300 2560 3650 2634 quisquam,
3707 2558 4048 2631 cogitavit)
4089 2555 4329 2613 eandem

1494 2668 1756 2739 naturam
1806 2670 1865 2715 et
1919 2658 2203 2719 rationem
2242 2674 2367 2720 esse
2416 2658 2603 2719 docet
2647 2675 2715 2720 ac
2755 2660 3237 2735 Dimyathensis,
3291 2662 3402 2720 nisi
3445 2654 3610 2733 quod
3659 2655 3806 2715 illud
3842 2656 4118 2729 pluribus
4157 2656 4329 2717 etiam
4403 2695 4406 2699 -

1496 2757 1661 2816 vadis
1718 2760 2135 2835 periculisque
2188 2763 2469 2823 infestum
2516 2763 2617 2825 sit.
2693 2765 2898 2838 Auget
2942 2764 3349 2828 difficultatem
3387 2766 3618 2825 illarum
3672 2772 3979 2820 arenarum
4031 2757 4329 2819 mobilitas

1490 2874 1649 2920 nunc
1690 2860 1878 2937 haec,
1924 2880 2085 2925 nunc
2132 2866 2233 2925 illa
2268 2870 2400 2926 loca
2446 2867 2881 2928 obstruentium
2906 2910 2927 2938 ,
2965 2882 3144 2946 atque
3183 2867 3333 2929 adeo
3373 2866 3766 2945 peritissimos
3807 2870 4081 2936 quosque
4120 2874 4328 2923 nautas

1495 2965 1689 3024 subita
1738 2981 1799 3026 et
1855 2968 2633 3045 inexspectatamiutatione
2678 2972 3007 3033 fallentium
3034 3014 3055 3047 ,
3095 2989 3174 3033 ex
3215 2988 3340 3047 quo
3381 2972 3556 3032 etiam
3594 2967 3992 3041 intelligitur,
4035 2980 4146 3024 cur
4184 2964 4326 3023 ostii

1494 3064 1937 3138 Dimyathensis
1990 3078 2289 3149 angustiae
2340 3077 2453 3151 iam
2508 3051 2798 3137 Makiizii
2845 3092 3120 3151 tempore
3173 3076 3416 3137 eaedem
3465 3077 3696 3137 fuerint
3743 3088 3812 3131 ac
3865 3083 4119 3141 nostro,
4171 3068 4322 3127 licet

1498 3164 1837 3241 ¹00⁰⁸⁴⁴nsfl
1878 3188 2009 3237 toto
2048 3184 2225 3240 coelo
2265 3178 2521 3245 differat.
2598 3182 2838 3241 Nullam
2889 3181 3227 3255 igitur'vim
3275 3180 3418 3239 huic
3455 3177 3800 3252 obiectioni
3837 3176 4036 3235 inesse
4083 3172 4328 3233 arbitra·

1496 3279 1630 3325 mnf
1678 3258 1753 3319 ad
1796 3274 2559 3374 nos'umbhv-bchtundam
2600 3286 3007 3357 sententiam,
3062 3298 3236 3361 quam
3285 3285 3344 3342 in
3387 3282 3636 3342 Tabulis
3685 3278 4127 3355 Geograpbicis
4181 3276 4326 3335 huic

1501 3368 1914 3428 dissertationi
1968 3364 2213 3441 “diecti-‘3
2272 3381 2890 3453 estvm-exprimere
2939 3392 3138 3449 conati
3189 3404 3433 3458 sumus,
3485 3399 3774 3461 quatenus
3825 3380 3978 3442 illud
4033 3380 4126 3429 rei
4175 3374 4328 3433 ratio

1497 3474 1909 3548 permitteret.
1988 3472 2142 3531 Cum
2195 3474 2351 3530 enim
2390 3472 2679 3531 incertum
2714 3484 2872 3530 esset
2890 3490 3232 3555 {Q
3263 3504 3406 3563 ἕως.
3451 3494 3864 3564 mymamffl
3911 3476 4042 3537 Nm
4075 3475 4330 3533 alluvio·

1496 3593 1602 3635 nes
1648 3577 1843 3635 litoris
1896 3573 2183 3643 formam,
2236 3578 2401 3635 lacus
2444 3572 2771 3635 Menzaleh
2813 3589 2873 3634 et
2915 3574 3168 3642 Isthmi,
3218 3589 3341 3647 quo
3389 3588 3422 3630 a
3471 3572 3618 3630 mari
3669 3586 4020 3646 separatur,
4083 3579 4322 3651 species
4433 3574 4440 3581 ’

1496 3678 1724 3751 fuerit,
1764 3678 2123 3753 simpliciter
2164 3681 2400 3753 punctis
2434 3678 2872 3751 indicavimus,
2912 3691 3196 3749 quaenam
3228 3679 3362 3735 loca
3397 3676 3570 3736 nobis
3607 3676 3750 3737 olim
3787 3676 4072 3739 fluctibus
4111 3681 4334 3741 obruta·

1496 3778 1688 3839 fuisse
1728 3780 2109 3843 viderentur.
3081 3766 3090 3775 ’

1572 3882 1667 3943 Ad
1719 3902 1782 3949 n.
1811 3887 1905 3947 28.
1956 3904 2019 3961 p.
2054 3900 2153 3964 73.
2206 3902 2298 3946 vs.
2344 3883 2434 3963 1.]
2498 3888 2594 3947 Ab
2635 3890 2810 3948 initio
2852 3888 3364 3961 existimaveram,
3411 3888 3480 3948 ad
3514 3884 3900 3948 dirimendam
3939 3888 4104 3949 istam
4133 3889 4328 3947 Chro-

1499 3990 1830 4065 nologicam
1878 3992 2365 4049 controversiam
2416 3992 2589 4051 nobis
2647 3992 2811 4052 forte
2853 3992 3080 4053 auxilio
3123 4006 3257 4049 esse
3293 3992 3559 4053 futurum
3605 3982 3914 4051 defectum
3951 3990 4151 4051 Lunae
4187 3990 4320 4051 fere
4356 4038 4364 4047 .

1498 4094 1841 4153 universum
1864 4134 1885 4165 ,
1925 4110 2101 4169 quem
2134 4094 2379 4158 modico
2408 4108 2686 4170 tempore
2713 4108 2857 4171 post
2887 4096 3368 4156 Christianorum
3400 4074 3727 4157 'adventum
3771 4092 4064 4154 accidisse
4103 4095 4326 4155 scribit

1505 4192 1812 4255 OHverius
1860 4200 1936 4258 C.
1964 4206 2024 4274 7,
2068 4216 2131 4274 p.
2170 4215 2337 4275 1402.
2432 4197 2549 4261 Sed
2588 4199 2922 4259 accuratior
2969 4201 3060 4259 rei
3106 4198 3505 4288 consideratio
3537 4198 3790 4270 docuit,
3837 4214 3945 4257 nos
3987 4200 4142 4256 illam
4195 4197 4323 4271 opi-

1500 4297 1744 4359 nionem
1784 4298 1995 4358 frustra
2026 4319 2400 4379 suscepisse,
2436 4317 2503 4366 et
2540 4318 2765 4365 novum
2799 4302 2944 4363 huic
2983 4303 3242 4364 oliverii
3271 4306 3416 4364 loco
3448 4305 3873 4365 documentum
3904 4304 4101 4363 inesse
4134 4308 4324 4358 osten-

4225 4392 4316 4455 dit
