5242 6192
2826 558 2845 615 ἃ

2669 810 3031 927 (6)

1441 1009 1788 1097 Via-iaco,
1839 1004 2186 1085 willermi
2240 1002 2447 1099 Tyrii-
2494 1004 2997 1099 continuator,
3048 1004 3430 1093 Bernartius
3472 1006 4041 1111 Themurarius„
4062 1014 4273 1109 Mae..

1447 1135 1686 1219 thaeus
1739 1134 2126 1210 parisiensis
2151 1185 2176 1223 ,
2251 1134 2683 1209 Godefridus
2732 1132 3125 1211 Monachus
3150 1184 3179 1226 ‚
3250 1137 3655 1210 Vincentius
3704 1136 4261 1233 Bellovacensis‚

1445 1260 1759 1337 Marinus
1801 1262 2142 1351 Sanutus,
2191 1282 2264 1335 et
2296 1260 2642 1335 Antonius
2682 1260 3058 1334 Bonfinins.
3156 1260 3430 1338 Horum
3482 1282 3703 1335 tamen
3748 1266 3845 1353 is,
3896 1286 4103 1359 quem
4143 1289 4262 1341 ex⁴

1442 1408 1662 1478 tremo
1685 1387 1880 1475 'loco
1925 1389 2468 1475 nominavimus»,
2535 1385 2789 1459 nullam
2846 1388 3130 1460 omnino
3177 1388 3383 1464 fidem
3442 1408 3781 1479 meretur,
3833 1410 3995 1467 cum
4041 1395 4270 1487 gentis

1441 1535 1600 1601 suae
1665 1516 1893 1601 studio
1959 1516 2324 1610 abreptuS‚
2393 1512 2732 1587 Andream
2796 1511 3184 1608 Hungariae
3232 1512 3501 1613 Regem
3520 1566 3549 1604 ,
3623 1516 3746 1610 qui
3818 1512 4265 1606 Dimyatham

1369 1688 1376 1693 -
1440 1638 1816 1735 numquam
1873 1642 2051 1715 vidit
2070 1692 2094 1727 ,
2157 1638 2580 1733 expeditioni
2630 1636 3095 1737 Aegyptiacae
3150 1640 3521 1735 praefuisse
3570 1643 3874 1715 affirmet.
3974 1638 4042 1715 E
4098 1641 4267 1715 reli·

1441 1768 1600 1859 quis
1654 1787 1878 1841 autem
1904 1818 1930 1856 ,
1981 1786 2246 1860 praeter
2287 1767 2637 1839 Marinum
2678 1765 3002 1841 Sanutum
3020 1817 3046 1856 ‚
3093 1766 3285 1841 solus
3314 1768 3483 1849 Tere
3536 1768 3673 1842 hic·
3704 1770 3775 1840 in
3816 1786 4098 1842 censum
4144 1788 4265 1841 ve·

1440 1894 1588 1965 nire
1625 1912 1856 1985 potest
1897 1893 2214 1968 oculatus
2243 1914 2463 1967 rerum
2497 1912 2837 1989 gestarum
2879 1896 3071 1967 testis
3108 1892 3455 1967 Oliverius
3494 1892 3965 1975 scholasticus
3982 1943 4009 1984 ‚
4052 1916 4264 1992 quem

1445 2016 1762 2111 pictique
1815 2038 2052 2093 omnes
2073 2064 2099 2105 ,
2149 1998 2444 2112 quorum
2484 2022 2763 2091 nomina
2806 2038 3177 2113 sequuntur
3194 2020 3673 2106 ‚,ve1=botenus
3712 2024 4257 2115 exscripserunt,

1439 2162 1556 2215 aut
1611 2144 1797 2217 nulla
1837 2164 1954 2217 aut
2003 2145 2370 2221 admodum
2413 2166 2651 2238 pauca·
2686 2142 3003 2229 addentes
3030 2143 3143 2225 -de
3199 2164 3351 2217 suo.
3452 2142 3681 2238 Hujus
3714 2147 3925 2241 igitur
3968 2149 4261 2241 scripto-

1439 2270 1576 2355 ris,
1647 2290 1724 2341 ut
1775 2270 1988 2349 fontis
2046 2292 2270 2345 reru-m
2332 2292 2415 2343 ea.
2481 2290 2884 2367 tempestate-
2954 2290 3297 2367 gestarum
3366 2268 3719 2363 primarii,
3790 2274 4270 2359 auctoritatem

1440 2415 1605 2486 prae
1653 2398 1938 2477 caeteris
1983 2396 2434 2491 usurpandam
2475 2419 2622 2471 esse
2678 2398 3067 2491 putavimus
3083 2446 3107 2485 ,
3159 2394 3533 2467 secundum
3566 2391 3961 2489 exemplum
4002 2393 4263 2470 editum

1445 2519 1532 2591 ab
1568 2517 1908 2593 Ekkardo‘
1940 2524 2008 2591 in
2055 2523 2263 2615 Corp.
2295 2520 2574 2595 Histor.
2622 2518 2859 2593 Media·
2902 2519 3089 2593 Acri
3134 2518 3223 2591 Τ.
3263 2517 3357 2591 11.
3404 2541 3479 2611 p.
3516 2522 3703 2613 1398
3729 2554 3827 2573 -
3852 2537 4079 2613 1450,
4130 2521 4261 2593 sub

1447 2640 1820 2719 Historiae
1869 2644 2344 2723 Damiatinae
2401 2646 2629 2719 titu10.
2750 2643 2944 2733 Haec
3002 2646 3185 2717 enim
3249 2642 3395 2725 sola
3452 2644 3669 2716 editio
3717 2645 4058 2741 integrum
4080 2644 4266 2735 ,oli-

1451 2772 1619 2843 verii
1671 2771 1930 2847 librum
1981 2770 2520 2865 complectitur,
2586 2793 2797 2868 quem
2847 2772 3197 2865 principio
3252 2788 3321 2841 et
3372 2767 3501 2841 fine
3548 2786 3933 2845 truncatum
3986 2772 4269 2863 exhibet

1443 2896 1770 2989 Epistola
1809 2898 2117 2974 oliverii
2166 2899 2248 2971 de
2294 2901 2614 2995 captione
2660 2898 3063 2974 Damiatae
3102 2895 3205 2969 ad
3232 2894 3781 2992 agabertum,
3804 2898 4082 2989 inserta
4096 2898 4295 2971 col·-

1453 3021 1736 3105 lectioni
1785 3018 2274 3118 Bongatsianae
2299 3075 2326 3112 ‚
2349 3068 2360 3085 ι
2380 3027 2524 3097 sive
2588 3022 2817 3097 Gestis
2866 3022 3013 3096 Dei
3055 3035 3194 3116 per
3244 3020 3559 3104 Francos
3609 3044 3680 3115 p.
3722 3044 3750 3097 1
3770 3024 4025 3117 185-
4056 3042 4083 3093 1
4103 3042 4265 3116 ¹92·

1447 3143 1896 3243 Integriorem
1959 3148 2298 3226 Codicem
2375 3170 2653 3233 socums
2718 3166 2823 3221 est
2878 3147 3015 3221 Th.
3090 3146 3389 3223 Galaeus
3438 3152 3509 3221 in
3573 3147 3771 3226 Hist.
3818 3150 4266 3245 Anglicanae

1449 3272 1749 3369 Scriptt.
1813 3272 1905 3347 Τ.
1950 3274 2046 3351 11.
2121 3298 2192 3368 p.
2234 3294 2702 3369 435-452‚
2780 3277 2921 3368 qui·
2968 3275 3251 3359 eandem
3325 3276 3773 3347 narrationem
3830 3294 3973 3348 non
4028 3275 4260 3347 addito

1449 3403 1752 3473 auctoris
1807 3403 2086 3474 nomine
2141 3400 2504 3494 produxit,
2571 3420 2645 3471 et
2694 3398 3097 3476 Historiam
3140 3400 3479 3493 captionis
3522 3396 3926 3476 Damiatao
3960 3398 4262 3493 appella·

1451 3525 1576 3607 vit,
1675 3523 2000 3619 Denique
2062 3526 2316 3598 librum
2381 3524 2731 3599 Galaeano
2797 3525 3034 3619 paullo
3104 3524 3505 3619 ampliorem
3564 3543 3635 3595 et
3685 3526 4063 3601 auctiorem
4110 3544 4265 3595 ante

1456 3650 1706 3721 oculos
1757 3650 1994 3723 habuit
2043 3650 2345 3742 Jacobus
2406 3651 2491 3726 de
2544 3651 2902 3737 VitriacO,
2957 3648 3358 3744 Episcopus·
3416 3648 3845 3724 Acconensis
3869 3700 3895 3737 ‚
3971 3648 4265 3723 Oliverii

1432 3776 1868 3863 *scholastici
1914 3774 2256 3870 aequalis»,
2307 3794 2378 3847 et
2421 3778 2492 3847 in
2549 3776 2987 3871 expeditione
3032 3774 3511 3867 Dimyathensi
3550 3774 3975 3863 commilito,
4030 3779 4101 3847 in
4144 3797 4269 3848 cu-

1451 3904 1562 3997 jus
1613 3904 1978 3985 Historiae,
2012 3902 2382 3977 Orientalis
2431 3900 2598 3975 Lib.
2643 3900 2771 3973 ΙΙΙ.
2838 3900 3091 3993 (Gest.
3142 3900 3296 3975 Dei
3352 3924 3427 3994 p.
3472 3901 4049 3995 1129—1145)
4100 3902 4268 3971 scri-

1455 4031 1711 4124 ptionis
1757 4028 2184 4104 Oliverianae
2237 4032 2528 4106 maxima
2573 4048 2731 4121 pars
2776 4028 3063 4119 repetita
3106 4025 3376 4121 legitur.
3480 4022 3675 4097 Illius
3723 4045 3949 4099 autem
3988 4025 4269 4121 insignis

1460 4160 1632 4235 inter
1679 4159 1900 4230 varios
1960 4154 2182 4229 libelli
2215 4154 2520 4237 Codices
2580 4152 2985 4231 diverSitatis
3036 4149 3464 4244 probabilem
3494 4171 3817 4237 caussam
3857 4150 4085 4229 attulit
4122 4148 4267 4239 Ek-

1462 4278 1711 4357 katdus
1749 4282 1819 4355 in
1859 4280 2282 4376 praefatione
2309 4278 2536 4361 ‘Tomi
2569 4276 2641 4357 11
2692 4274 3025 4373 Corporis,
3066 4273 3420 4353 Historici
3464 4275 3709 4373 paullo
3752 4298 3903 4361 ante
3953 4276 4209 4359 laudati
4240 4323 4263 4357 ‚

4226 4418 4267 4469 e
