5242 6192
2719 704 3108 810 (88)

1510 914 1647 977 sive
1678 908 1937 987 iniuria,
1971 902 2332 968 redundarit.
2411 900 2593 981 Quod
2630 917 2826 965 autem
2845 907 3096 987 Joannes
3119 918 3325 966 noster
3360 918 3622 967 catenam
3641 910 3806 969 navis
3839 913 4066 987 impetu
4101 914 4346 981 fractam

1502 1022 1659 1081 ‘esse
1698 1015 1942 1084 scribit,
1980 1007 2079 1083 ld,
2118 1010 2269 1069 licet
2301 1009 2744 1086 proculdubio
2793 1026 3108 1085 numquam
3151 1007 3485 1080 acciderit,
3539 1027 3598 1075 at
3639 1015 3956 1075 manifeste
4001 1029 4233 1089 tamen,
4280 1040 4347 1085 ut

1522 1118 1802 1195 equidem
1838 1128 2103 1185 censeo,
2144 1114 2499 1189 intelligitur
2540 1110 2698 1173 unde
2738 1114 3032 1187 originem
3067 1114 3332 1177 duxerit.
3411 1117 3566 1177 Cum
3617 1121 3776 1181 enim
3829 1122 4106 1183 Sultanus
4144 1128 4348 1187 amissa

1518 1224 1672 1285 turri
1708 1204 1985 1283 Nilotica
2021 1222 2243 1282 flumen
2286 1220 2483 1293 paullo
2515 1234 2693 1294 supra
2726 1218 3034 1278 civitatem
3087 1220 3321 1279 navium
3359 1234 3548 1295 ponte
3585 1223 3934 1298 clausisset,
3969 1228 4260 1291 Teutonici
4292 1244 4352 1292 ct

1512 1327 1766 1387 Frisones
1804 1324 1927 1403 (ut
1969 1326 2228 1387 oliverii
2258 1323 2465 1383 verbis
2508 1336 2640 1381 utar
2679 1324 2759 1384 C.
2794 1338 2885 1383 ια.
2922 1338 2987 1397 p.
3020 1321 3212 1401 1408)
3249 1326 3368 1383 zelo
3400 1328 3598 1402 ⁸iustae
3644 1327 4055 1401 indignationis
4092 1339 4349 1407 accensi,

1512 1449 1641 1495 cum
1694 1434 1903 1491 minori
1942 1433 2130 1502 navi,
2182 1429 2342 1503 cujus
2384 1428 2696 1485 ministerio
2742 1430 2931 1486 turris
2981 1435 3158 1503 capta
3193 1425 3356 1501 fuit,
3388 1442 3615 1503 pontem
3659 1432 3926 1491 viriliter
3966 1437 4305 1496 invaserant
4327 1479 4349 1511 ,

1514 1536 1810 1596 auxilium
1840 1550 1946 1592 non
1986 1530 2254 1591 habentes
2286 1534 2400 1590 nisi
2434 1530 2501 1588 de
2544 1532 2732 1603 coelo3
2767 1534 3060 1605 pauciores
3097 1539 3292 1590 autem
3323 1535 3449 1591 viri
3475 1551 3645 1608 quam
3673 1534 3852 1595 decem
3889 1533 3957 1593 de
3980 1547 4153 1611 gente
4173 1556 4351 1616 prac-

1508 1638 1673 1699 dicta
1704 1650 1907 1700 contra
1948 1656 2157 1697 omnem
2193 1634 2607 1713 fen-titudinem
2655 1636 3100 1712 Babyloniorum
3145 1645 3372 1711 pontem
3416 1636 3810 1697 adscendentes
3823 1677 3845 1709 ,
3879 1650 4165 1714 spectante
4207 1645 4352 1717 mul-

1508 1730 1764 1804 titudine
1810 1740 2268 1803 Christianorum
2318 1752 2379 1799 et
2418 1738 2571 1799 hanc
2602 1737 2910 1799 audactam
2944 1740 3263 1815 plurimum
3293 1741 3603 1799 extollente
3622 1780 3643 1811 ‚
3669 1738 3979 1817 fregerunt
4013 1742 4241 1805 eundem
4287 1757 4351 1806 et

1511 1851 1591 1907 sic
1618 1866 1743 1906 cum
1782 1857 2032 1921 quatuor
2060 1850 2301 1908 navibus
2320 1887 2339 1919 ‚
2376 1858 2541 1921 super
2578 1860 2721 1923 quas
2744 1855 2884 1918 pons
2919 1854 3051 1902 erat
3083 1840 3374 1918 fundatus
3389 1881 3408 1912 ,
3449 1846 3666 1905 reverse
3699 1853 3833 1902 sunt
3869 1861 3993 1903 cunt
4024 1844 4312 1924 triumpho
4329 1889 4351 1920 ,

1512 1949 1755 2009 liberam
1790 1952 1945 2008 viam
1988 1961 2046 2009 et
2086 1961 2351 2023 apertam
2387 1966 2607 2011 sursum
2643 1944 3051 2018 velificantibus
3086 1948 3487 2020 relinquentes.
3564 1945 3732 2019 Quae
3770 1961 3868 2003 res
3903 1950 4033 2007 talis
4071 1950 4352 2024 prof'ecto

1516 2065 1647 2110 erat
1683 2066 1753 2110 ac
1791 2063 1989 2123 tanta,
2042 2065 2112 2112 ut
2148 2052 2304 2114 haud
2341 2056 2425 2114 ita
2466 2054 2648 2113 facile
2689 2068 2767 2111 ex
2813 2054 3099 2113 memoria
3134 2052 3438 2112 hominum
3474 2050 3758 2111 excidere
3800 2064 4009 2127 posset
4011 2088 4050 2155 3
4089 2069 4351 2129 cumque

1518 2168 1583 2215 et
1620 2157 1807 2217 turris
1834 2156 2193 2233 capiendae,
2219 2172 2281 2218 et
2310 2159 2513 2233 pontis
2547 2156 2898 2234 frangendi,
2926 2154 3106 2218 'unum
3134 2154 3413 2233 idemque
3450 2156 3770 2214 consilium
3805 2170 4005 2229 esset,
4045 2168 4116 2213 ut
4141 2172 4356 2234 nempe

1514 2262 1737 2322 flumen
1772 2262 2250 2323 Christianorum
2288 2264 2535 2324 navibus
2569 2264 2842 2340 pervium
2883 2262 3191 2331 facerent,
3236 2273 3298 2318 et
3335 2272 3654 2335 utrumqne
3683 2278 3714 2318 a
3749 2260 3952 2321 Frisiis
3983 2276 4094 2321 una
4130 2260 4358 2322 eadem·

1517 2381 1638 2441 que
1680 2367 1817 2426 navi
1855 2368 2201 2443 perfectum
2240 2368 2429 2428 fuisse
2468 2362 2768 2442 legamus',
2807 2368 3102 2427 neminem
3137 2365 3384 2441 amplius
3425 2365 3826 2425 existimamus
3875 2380 4007 2425 esse
4046 2366 4354 2438 futurum,

1518 2472 1627 2545 qui
1657 2467 1797 2529 duas
1828 2485 1964 2541 res,
2002 2472 2113 2529 sibi
2144 2472 2405 2531 invicem
2436 2470 2585 2530 adeo
2617 2473 2834 2530 similes
2859 2511 2880 2539 ,
2918 2473 3084 2546 lapsu
3123 2468 3413 2544 temporis
3450 2472 3510 2527 in
3542 2484 3711 2527 unam
3747 2469 4022 2527 fabellam
4061 2470 4355 2529 coaluisse

1518 2577 1765 2635 miretur
1789 2616 1807 2647 ‚
1842 2589 1952 2651 per
1986 2570 2363 2634 traditionem
2396 2574 2466 2633 ad
2498 2590 2777 2655 posteros
2812 2590 3207 2650 propagatam.
3270 2572 3464 2633 Habes
3497 2572 3678 2645 igitur
3711 2586 3980 2631 nostrum
4018 2575 4362 2649 qualecum-

1523 2694 1643 2753 que
1682 2692 1743 2739 et
1776 2676 1855 2736 de
1902 2679 2035 2755 ipso
2068 2678 2340 2739 facinore
2388 2678 2722 2755 judicium,
2761 2691 2822 2738 et
2858 2678 2934 2738 de
2994 2680 3467 2739 Harlemensium
3523 2680 3584 2735 in
3639 2677 3754 2736 isto
3807 2680 4054 2751 negotio
4095 2674 4360 2751 gerendo

1514 2783 1822 2854 laudibus,
1863 2799 1936 2842 ex
1970 2798 2091 2858 quo
2122 2797 2337 2859 sponte
2376 2786 2551 2844 etiam
2586 2785 2977 2858 intelligitur,
3017 2782 3162 2859 quid
3199 2780 3273 2842 de
3307 2780 3462 2841 festa
3491 2782 3730 2841 navium
3769 2779 4049 2840 Kalendis
4065 2781 4353 2862 Januariis

1498 2888 1979 2971 circumlatione
2001 2927 2020 2958 ,
2060 2888 2521 2962 cogonibusque
2558 2902 2618 2948 et
2658 2889 3060 2947 tintinnabulis
3084 2889 3142 2945 iu
3179 2889 3408 2962 templo
3431 2886 3768 2947 Harlemico
3804 2888 4107 2961 suspensis
4143 2900 4218 2942 ex
4257 2900 4376 2975 no7

1524 3006 1650 3051 stra
1684 2993 1971 3066 opinione
2008 2992 2185 3051 statui
2222 2988 2458 3055 debeat.
2538 2989 2702 3067 Quid
2735 2996 2887 3052 enim
2931 2992 3110 3065 magis
3145 2991 3485 3067 exspectari
3513 3003 3790 3065 poterat,
3830 3004 4002 3066 quam
4039 2988 4160 3048 hoc
4197 2985 4362 3063 quod

1527 3107 1741 3151 revera
1761 3090 2056 3151 accidisse
2087 3092 2361 3155 videmus
2384 3136 2405 3165 ‚
2426 3110 2494 3155 ut
2514 3108 2736 3172 nempe
2755 3096 2844 3155 rei
2866 3138 2885 3169 ,
2907 3098 3280 3173 popularium
3303 3094 3554 3155 maxime
3589 3106 3928 3153 nostrorum
3953 3105 4140 3167 opera
4161 3091 4363 3150 sumti-

1526 3196 1762 3269 busque
1784 3192 2096 3268 perfectae
2117 3202 2473 3267 ,memoria,
2490 3200 2654 3258 festo
2675 3197 2774 3260 die
2795 3238 2814 3270 ‚
2839 3201 3094 3275 publico
3117 3210 3499 3259 monumento
3517 3239 3536 3269 ,
3556 3210 3618 3256 et
3647 3197 4172 3257 tintinnabulorum
4203 3206 4363 3251 stre-

1524 3302 1661 3373 pitu
1698 3297 1969 3385 Harlemi
2012 3297 2071 3354 in
2109 3296 2235 3371 ipsa
2276 3300 2533 3359 Comitis
2580 3301 2724 3361 sede
2761 3307 3088 3363 solenniter
3126 3303 3587 3374 celebraretur,
3629 3302 3854 3361 etiamsi
3889 3301 4030 3359 tanti
4069 3298 4360 3356 facinoris

1520 3403 1711 3476 gloria
1732 3404 1923 3461 minus
1943 3398 2011 3459 ad
2032 3400 2199 3473 ipsos
2224 3401 2557 3476 oppidanos
2578 3407 2954 3479 pertineret,
2977 3422 3147 3479 quam
3171 3419 3363 3467 tamen
3380 3445 3402 3474 ,
3433 3422 3566 3465 eum
3584 3406 3838 3466 Comitis
3869 3405 3994 3462 aula
4030 3403 4148 3461 alio
4178 3416 4367 3462 trans·

1524 3507 1639 3563 lata
1679 3517 1879 3577 esset,
1912 3506 2074 3578 ipsae
2100 3516 2255 3563 vero
2287 3506 2651 3565 cerimoniae
2674 3546 2694 3575 ‚
2732 3526 2874 3582 quas
2913 3510 3200 3585 Princeps
3239 3509 3612 3576 instituerat,
3645 3508 4027 3579 mansissent,
4064 3502 4366 3582 paullatim

1527 3609 1643 3667 sibi
1677 3608 1819 3666 solis
1856 3604 2161 3663 vindicare
2200 3623 2561 3683 coeperunt.
2663 3610 2846 3689 Quod
2872 3612 3138 3688 denique
3183 3609 3340 3672 addit
3377 3612 3626 3670 loannes
3661 3609 3939 3685 aLeydis
3975 3611 4364 3669 Guilielmum

1527 3711 1765 3769 virtutis
1792 3709 1976 3783 gratia
1997 3710 2262 3781 equitem
2280 3706 2626 3783 creasse,⁸et
2649 3713 2990 3773 Hollandiae
3018 3717 3402 3793 Principibus
3430 3715 3806 3775 concessisse
3825 3715 4275 3788 Imperatorem,
4299 3722 4370 3769 ut

1523 3814 1635 3876 sub
1658 3814 1934 3875 Caesaris
1959 3813 2191 3873 vexillo
2212 3814 2573 3884 militarent3
2597 3818 2737 3876 item
2771 3818 3075 3895 abeodem
3111 3835 3171 3880 et
3199 3820 3534 3879 patriarcha
3555 3819 4104 3891 Hierosolymitano
4129 3814 4368 3873 honoris

1524 3932 1727 3978 caussa
1762 3932 1913 3976 nova
1954 3930 2253 3975 armorum
2292 3917 2549 3993 insignia
2588 3920 3075 3981 Harlemensibus
3112 3921 3326 3978 donata
3363 3936 3533 3990 esse3
3593 3918 3654 3977 id
3691 3935 3800 3993 per
3839 3934 3907 3976 se
3951 3916 4190 3993 quidem
4227 3917 4368 3974 nihjl

1525 4021 1703 4079 habet
1744 4019 1909 4097 quod
1948 4014 2384 4094 repudiandum
2418 4024 2533 4093 sit,
2574 4025 2684 4082 nisi
2721 4023 2888 4082 forte
2929 4038 3006 4081 ex
3058 4024 3446 4081 monumentis
3485 4020 3601 4082 fide
3647 4016 3880 4095 dignis.
3932 4032 3990 4077 et
4031 4020 4232 4092 sigillo
4265 4034 4371 4077 ur·

1526 4123 1684 4187 bano
1730 4123 2026 4197 insignitis
2050 4162 2071 4193 .
2116 4126 2365 4201 probari
2402 4128 2595 4202 possit
2633 4126 2884 4199 iusignia
2917 4127 3026 4185 ista
3061 4138 3160 4183 aut
3196 4124 3353 4183 bello
3391 4124 3794 4199 Dimyatheno
3831 4123 4168 4195 antiquiora
4201 4136 4373 4190 esse,

1528 4238 1629 4291 sut
1676 4238 1887 4303 postea
1942 4225 2175 4293 demum
2232 4230 2507 4307 usurpari
2556 4230 2870 4309 coepisse.
2965 4226 3162 4293 Modo
3191 4220 3304 4291 'res
3347 4247 3380 4289 a
3432 4226 3770 4297 Frederico
3819 4227 4224 4295 Barbarossa‘,
4275 4224 4394 4281 cui·

4307 4326 4379 4386 11·
