5242 6192
2609 710 3143 833 ’(54)

1523 934 1864 999 servatione
1899 932 2082 995 facile
2113 930 2346 1007 corrigi
2383 909 2619 1007 poterit
2662 930 2839 993 loeus
2872 944 3201 1008 corruptus
3234 928 3575 993 Abulfedae
3617 930 3700 995 A.
3726 929 3823 997 Μ.
3856 928 3936 994 Τ.
3971 931 4085 995 m.
4124 948 4190 1009 p.
4224 928 4380 1004 106,

1531 1046 1639 1109 ubi
1695 1045 1774 1105 de
1833 1044 2073 1107 Arsiani
2129 1036 2515 1116 Seidjukidae
2577 1044 2769 1103 sociis
2824 1044 2885 1104 in
2942 1041 3439 1119 Aderbeidjanam
3504 1044 3811 1119 profectis
3874 1040 4146 1103 diciturt
4280 1040 4373 1135 ᾗ,

1516 1264 1682 1377 239..st
1738 1270 1887 1329 male
1930 1268 2006 1328 de
2056 1258 2254 1328 Tun-is
2295 1266 2462 1326 nudis
2511 1275 2571 1325 et
2630 1271 2841 1326 macris
2894 1268 3224 1330 intellexit.
3300 1266 3467 1343 Lege
3512 1256 3673 1373 3:3⁰-st
3718 1282 3777 1329 et
3815 1277 4029 1327 vertes
4064 1266 4257 1341 ibique
4290 1282 4387 1325 no·

1532 1396 1659 1437 men
1720 1386 1998 1456 superstes
2045 1380 2261 1439 mansit
2311 1374 2627 1435 Turcarum
2678 1376 2996 1437 Gozzorum
3010 1419 3035 1451 ‚
3086 1397 3146 1437 eo
3191 1379 3343 1437 ent'm
3392 1380 3565 1437 titulo
3624 1380 3799 1437 omnis
3835 1394 4024 1438 eorum
4076 1374 4389 1437 multitudo

1529 1484 1970 1564 appellabatur.
2043 1482 2238 1560 Quam
2275 1472 2748 1541 emendationem
2780 1494 3095 1557 praeterea
3128 1482 3485 1543 confirmare
3524 1492 3730 1557 potest
3766 1482 4108 1542 Elmacinus
4143 1500 4207 1558 p.
4230 1496 4387 1560 270,

1539 1590 1891 1663 exscriptus
1932 1589 2106 1648 etiam
2145 1602 2178 1645 a
2219 1588 2558 1661 Guignesio
2593 1586 2755 1649 Hist.
2788 1586 2884 1646 des
2918 1586 3120 1658 Ham,
3174 1586 3248 1647 T.
3282 1584 3367 1649 11.
3418 1587 3488 1648 P.
3516 1582 3573 1649 1.
3613 1604 3675 1663 p.
3715 1602 3871 1661 190,
3920 1598 3983 1645 at
4032 1588 4141 1646 vix
4194 1600 4387 1648 tamen

1539 1692 1600 1751 iu
1658 1692 1934 1751 omnibus
1991 1708 2130 1752 cum
2201 1689 2505 1753 Abulfecla
2562 1688 2991 1753 conciliandus.
3082 1690 3144 1753 si
3199 1690 3376 1750 alium
3430 1691 3607 1750 etiam
3664 1670 3867 1751 locum
3917 1690 4225 1766 requIris‚
4278 1688 4386 1768 qu'i

1537 1797 1792 1859 Gozzos
1833 1811 1864 1854 a
1897 1794 2266 1872 Seldjtxkidis
2318 1794 2472 1856 haud
2507 1792 2791 1855 diversos
2842 1795 3033 1857 fuisse
3080 1794 3495 1871 demonstret,
3555 1796 3789 1873 inspice
3842 1790 4098 1855 eundem
4138 1792 4391 1856 Abulfe·

1539 1900 1670 1961 dam
1714 1903 1759 1964 l.
1793 1904 1837 1961 1.
1890 1922 1952 1979 p.
1989 1904 2134 1978 146,
2185 1882 2308 1963 ubi
2347 1906 2561 1980 eopiae
2615 1902 2850 1976 Togrul
2902 1900 3061 1975 Begi
3112 1898 3375 1975 Bagdadi
3420 1900 3711 1961 versantis
3756 1900 3957 1960 Gozzi
3998 1900 4395 1989 appellantur.

1535 2004 1699 2066 Cum
1744 2020 1903 2067 vero
1942 2005 2090 2067 illud
2137 2008 2491 2069 Gozzorum
2527 2022 2744 2067 nomen
2769 2047 2789 2077 ‚
2828 2002 3327 2081 quemadmodum
3366 2020 3545 2080 supra
3588 2000 3891 2074 diximus,
3941 2002 4011 2061 ad
4056 2006 4392 2067 universam

1537 2108 1878 2173 Tarentum
1930 2128 2170 2188 gentem
2217 2114 2583 2191 pertinuisse
2632 2108 2948 2183 videatur,
3006 2109 3119 2185 jam
3168 2108 3353 2169 facile
3403 2109 3843 2186 perspicimus,
3902 2107 4211 2183 quomodo
4258 2106 4395 2169 fieri

1539 2218 1816 2293 ‘potuerit
1865 2230 1932 2276 ut
1982 2218 2262 2277 sultanus
2300 2217 2583 2295 Sandjar,
2624 2218 2980 2278 Gozzorum
3024 2215 3157 2274 sive
3200 2212 3619 2288 Seldjultorum
3666 2215 4037 2289 imperator,
4079 2227 4219 2273 cum
4258 2215 4391 2274 aliis

1539 2321 1772 2381 Gozzis
1791 2364 1810 2395 ,
1841 2325 1998 2381 ultra
2019 2324 2220 2386 Oxum
2247 2324 2681 2392 habitantibus,
2719 2336 2782 2384 et
2806 2333 3033 2392 genere
3064 2314 3139 2377 ad
3164 2332 3301 2379 eum
3334 2318 3483 2379 nibil
3518 2319 3992 2391 pertinentibus,
4024 2316 4251 2379 bellum
4291 2334 4396 2396 ge·

1527 2439 1729 2486 reret.
1787 2426 1890 2487 cf.
1913 2428 2125 2493 Abulf.
2165 2432 2245 2489 A.
2265 2430 2358 2493 M.
2395 2430 2473 2493 Τ.
2491 2430 2608 2491 111.
2640 2445 2702 2503 p.
2718 2429 2827 2501 528
2850 2467 2871 2496 ‚
2910 2426 3058 2487 coll.
3084 2424 3200 2484 Bar
3228 2422 3513 2484 Hebraeo
3546 2441 3609 2500 p.
3622 2438 3774 2498 349,
3804 2420 4000 2485 Herb.
4038 2438 4106 2485 v.
4130 2424 4395 2500 Sangiar

1537 2540 1600 2588 et
1632 2528 1708 2589 de
1745 2530 2018 2604 Guignes
2065 2536 2111 2597 l.
2145 2536 2190 2597 l.
2247 2530 2326 2596 Τ.
2357 2534 2440 2595 11.
2493 2532 2565 2595 P.
2602 2532 2651 2591 1.
2696 2546 2759 2605 p.
2788 2543 2926 2605 257.
3016 2524 3186 2587 Illius
3226 2528 3647 2603 appellationis
3691 2542 3859 2589 usum
3898 2542 4074 2602 quam
4110 2528 4397 2590 latissime

1542 2646 1838 2709 patentem
1873 2638 2176 2697 cernimus
2211 2639 2388 2699 etiam
2416 2638 2475 2695 in
2497 2632 2733 2695 duobus
2768 2634 2898 2693 aliis
2934 2632 3267 2710 exemplis,
3307 2634 3499 2693 altero
3518 2632 3955 2694 continuatoris
3970 2630 4099 2692 Bar
4120 2634 4300 2695 [ἰών.
4335 2632 4399 2692 in

1545 2734 1630 2799 N.
1651 2735 1888 2816 Repert.
1903 2732 2012 2819 fur
2025 2742 2187 2803 Bibt.
2209 2738 2633 2816 undMorgenl.
2653 2738 2808 2800 Lm.
2846 2736 2923 2798 T.
2944 2736 2996 2799 1.
3025 2755 3089 2814 p.
3119 2752 3195 2811 25
3228 2734 3324 2801 ed.
3358 2738 3649 2815 Paulus),
3685 2737 3793 2798 ubi
3818 2739 4025 2799 Timur
4057 2740 4399 2815 appellatur

1537 2824 1790 2987 DQ
1829 2846 2030 2905 altero
2071 2845 2292 2907 Poetae
2329 2845 2542 2909 Arabis
2574 2842 2878 2915 Nikoula,
2912 2843 3018 2917 qni
3051 2844 3111 2901 in
3153 2843 3416 2902 carmine
3453 2840 3624 2902 edito
3657 2841 3923 2901 Arabice
3964 2857 4025 2903 et
4064 2844 4294 2905 Gallice
4336 2844 4398 2904 in

1545 2980 1775 3040 Decede
1807 2982 2012 3060 Egypt.
2051 2982 2137 3045 N.
2167 2997 2228 3057 3.
2267 3001 2332 3060 p.
2365 2998 2437 3059 91
2483 2982 2533 3046 f.
2575 2996 2637 3041 et
2674 3000 2741 3058 p.
2769 2995 2841 3057 95
2875 2997 2955 3044 m.
2989 2982 3207 3041 variam
3240 2997 3552 3042 servorum
3588 2982 4016 3045 'l'urcicorum-
4036 2983 4398 3059 colluviem,

1545 3102 1702 3163 quos
1765 3090 1952 3163 vulgo
2005 3091 2388 3153 Mamluchos
2446 3096 2748 3170 appellant
2775 3132 2796 3163 ‚
2822 3082 2947 3198 1³²„
3008 3092 3357 3153 nominavit.
3461 3091 3569 3157 Cf.
3620 3090 3925 3153 Memoires
3978 3112 4080 3154 sur
4138 3093 4408 3175 l'Egypte'

1537 3201 1765 3278 publies
1796 3201 2055 3277 pendant
2096 3203 2174 3261 les
2216 3216 2552 3281 campagnes
2582 3204 2662 3263 du
2696 3208 2954 3269 Genera!
2980 3206 3353 3283 Bonaparte,
3393 3206 3464 3267 Ρ.
3484 3205 3538 3265 1.
3576 3221 3639 3281 Ρ.
3675 3219 3785 3281 825
3804 3248 3825 3277 ,
3852 3222 3987 3284 127.
4064 3207 4163 3267 Ex
4188 3202 4398 3266 eadem

1413 3309 1420 3315 ‘
1547 3318 1794 3380 qnoque
1829 3320 2042 3365 caussa
2083 3308 2506 3384 explicandum
2539 3322 2674 3381 est,
2714 3310 2877 3386 quod
2916 3327 3035 3370 non
3089 3311 3150 3369 iu
3196 3313 3343 3372 Asia
3379 3323 3605 3371 tantum
3629 3353 3650 3384 ‚
3692 3310 3803 3372 sed
3840 3312 3903 3370 in
3938 3312 4190 3385 Europa
4224 3310 4404 3370 etiam

1552 3409 1951 3482 Gozzorum,
1991 3411 2126 3471 sive
2148 3454 2170 3485 ,
2199 3426 2269 3471 ut
2303 3428 2338 3469 a
2371 3413 2721 3487 Byzantinis
2755 3415 3161 3497 scriptoribus
3194 3417 3607 3492 appellantur,
3644 3416 3919 3477 Uzorum
3956 3409 4251 3491 (οὔζων)
4304 3428 4411 3473 no·
4440 3494 4446 3499 Δ

1552 3526 1691 3570 men
1730 3512 1884 3573 adeo
1927 3515 2306 3577 celebratum
2355 3515 2568 3577 fuerit.
2650 3518 2803 3577 Nam
2860 3519 3069 3581 eodem
3116 3520 3249 3580 fere
3303 3534 3626 3597 tempore,
3682 3535 3811 3594 quo
3859 3520 4110 3593 Gozzi,
4148 3517 4409 3579 ducibus

1555 3616 1793 3690 Togrnl
1823 3620 1997 3693 Bego
2034 3632 2098 3679 et
2125 3622 2240 3695 Alp
2277 3621 2532 3681 Arsiano
2565 3622 2973 3699 seidjukidis,
3006 3626 3209 3689 Asiam
3236 3606 3691 3687 occidentalem
3740 3626 4156 3702 occupabant,
4196 3624 4409 3699 ingens

1563 3714 1836 3784 Uzoruin
1876 3723 2198 3784 multitudo
2235 3724 2444 3785 Istrum
2485 3730 2757 3803 transiit,
2791 3730 2971 3791 Anno
3018 3732 3271 3790 circiter
3298 3732 3478 3808 1065,
3523 3731 3897 3806 Graecisque
3934 3730 4151 3807 fugatis
4194 3728 4419 3806 captis·

1563 3841 1687 3905 que
1721 3822 1983 3889 ducibus
2022 3826 2389 3906 Nicephoro
2423 3832 2741 3894 Botoniata
2777 3850 2837 3897 et
2877 3836 3103 3897 Basilio
3146 3838 3476 3913 Apocapa‚
3515 3834 3935 3897 Macedoniam
3984 3836 4421 3911 Graeciamque

1561 3935 1847 3996 vastavit.
1921 3932 2033 3995 cf.
2069 3932 2328 3995 Zonaras
2352 3977 2373 4009 ,
2410 3933 2490 3999 T.
2527 3939 2615 3999 11.
2659 3937 2737 4002 L.
2768 3939 3000 4004 xvnl.
3041 3955 3103 4015 p.
3136 3943 3243 4016 278
3273 3957 3405 4015 sq„
3441 3941 3743 4014 Seylitzes
3788 3959 3853 4017 p.
3883 3942 3993 4015 815
4028 3957 4161 4016 sq..
4194 3940 4420 4015 Glyeas

1549 4025 1636 4115 Ῥ.
1671 4054 1780 4115 325
1803 4080 1826 4112 ,
1882 4036 1972 4101 Le
2014 4036 2182 4098 Beau
2223 4036 2382 4101 Hist.
2416 4040 2494 4101 du
2529 4044 2649 4103 Bas
2675 4044 2846 4122 Emp.
2896 4040 2974 4105 T.
3001 4042 3195 4105 XVII.
3242 4061 3306 4119 p.
3332 4058 3453 4105 210
3484 4060 3619 4120 sqq.
3694 4044 3833 4105 Nec
3868 4041 4089 4103 dubito
4124 4043 4275 4121 quin
4309 4044 4423 4105 ista

1573 4142 1929 4202 Gozzorum
1971 4144 2300 4225 appellatio
2349 4144 2522 4208 latius
2567 4149 2746 4221 etjam
2791 4148 3125 4227 patuisset,
3163 4160 3343 4222 atque
3384 4144 3532 4207 adeo
3570 4164 3715 4209 vera
3750 4150 3913 4209 illius
3951 4151 4106 4211 ratio
4143 4152 4421 4211 omnibus

1575 4246 1948 4307 manIfe-stior
1997 4247 2320 4325 evasisset,
2377 4250 2495 4311 nisi
2553 4246 2793 4313 'furcae
2842 4252 3115 4331 saepius,
3167 4250 3416 4312 deserto
3462 4254 3677 4327 gentili
3725 4254 4011 4333 nomine,
4063 4255 4425 4333 singularum

1585 4350 1895 4428 tributim,
1931 4344 2004 4410 ad
2048 4368 2194 4429 quas
2230 4356 2649 4433 pertinebant,
2692 4356 2887 4423 titulis
2923 4374 2989 4421 se
3021 4354 3339 4433 designare
3370 4358 3747 4423 maluissent.

4246 4456 4435 4535 (ις)
