<?xml version="1.0" encoding="UTF-8"?>
<!DOCTYPE html PUBLIC "-//W3C//DTD XHTML 1.0 Transitional//EN"
    "http://www.w3.org/TR/xhtml1/DTD/xhtml1-transitional.dtd">
<html xmlns="http://www.w3.org/1999/xhtml" xml:lang="en" lang="en">
 <head>
  <title>
</title>
<meta http-equiv="Content-Type" content="text/html;charset=utf-8" />
  <meta name='ocr-system' content='tesseract 3.04.00' />
  <meta name='ocr-capabilities' content='ocr_page ocr_carea ocr_par ocr_line ocrx_word'/>
</head>
<body>
  <div class='ocr_page' id='page_1' title='image "./takyoddiniahmed00goog_0114.png"; bbox 0 0 5242 6192; ppageno 0'>
   <div class='ocr_carea' id='block_1_1' title="bbox 1434 802 4374 4408">
    <p class='ocr_par' dir='ltr' id='par_1_1' title="bbox 2673 802 3115 905">
     <span class='ocr_line' id='line_1_1' title="bbox 2673 802 3115 905; baseline 0.002 -2"><span class='ocrx_word' id='word_1_1' title='bbox 2673 802 2722 903; x_wconf 80' lang='lat' dir='ltr'>t</span> <span class='ocrx_word' id='word_1_2' title='bbox 2826 820 2970 903; x_wconf 49' lang='lat'>’104</span> <span class='ocrx_word' id='word_1_3' title='bbox 3029 804 3115 905; x_wconf 60' lang='lat'>“5</span> 
     </span>
    </p>

    <p class='ocr_par' dir='ltr' id='par_1_2' title="bbox 1434 1000 4374 4408">
     <span class='ocr_line' id='line_1_2' title="bbox 1486 1000 4326 1091; baseline -0.003 -13"><span class='ocrx_word' id='word_1_4' title='bbox 1486 1012 1784 1091; x_wconf 71' lang='lat' dir='ltr'>cujusque</span> <span class='ocrx_word' id='word_1_5' title='bbox 1828 1013 1885 1073; x_wconf 84' lang='lat' dir='ltr'>in</span> <span class='ocrx_word' id='word_1_6' title='bbox 1930 1008 2131 1073; x_wconf 79' lang='lat' dir='ltr'>Nilum</span> <span class='ocrx_word' id='word_1_7' title='bbox 2179 1000 2333 1083; x_wconf 81' lang='lat' dir='ltr'>apud</span> <span class='ocrx_word' id='word_1_8' title='bbox 2370 1006 2626 1069; x_wconf 76' lang='lat' dir='ltr'>neuram</span> <span class='ocrx_word' id='word_1_9' title='bbox 2671 1004 2898 1067; x_wconf 76' lang='lat' dir='ltr'>exitum</span> <span class='ocrx_word' id='word_1_10' title='bbox 2935 1018 3090 1067; x_wconf 86' lang='lat' dir='ltr'>nunc</span> <span class='ocrx_word' id='word_1_11' title='bbox 3133 1001 3250 1081; x_wconf 82' lang='lat' dir='ltr'>ipsi</span> <span class='ocrx_word' id='word_1_12' title='bbox 3292 1000 3499 1067; x_wconf 83' lang='lat' dir='ltr'>hostes</span> <span class='ocrx_word' id='word_1_13' title='bbox 3545 1002 3933 1081; x_wconf 78' lang='lat' dir='ltr'>obtinebant,</span> <span class='ocrx_word' id='word_1_14' title='bbox 3985 1016 4101 1067; x_wconf 82' lang='lat' dir='ltr'>nec</span> <span class='ocrx_word' id='word_1_15' title='bbox 4139 1004 4326 1085; x_wconf 77' lang='lat' dir='ltr'>fossa·</span> 
     </span>
     <span class='ocr_line' id='line_1_3' title="bbox 1493 1104 4327 1191; baseline -0.002 -14"><span class='ocrx_word' id='word_1_16' title='bbox 1493 1132 1616 1180; x_wconf 80' lang='lat' dir='ltr'>tum</span> <span class='ocrx_word' id='word_1_17' title='bbox 1640 1159 1661 1191; x_wconf 94' lang='lat'>,</span> <span class='ocrx_word' id='word_1_18' title='bbox 1702 1118 1760 1176; x_wconf 88' lang='lat' dir='ltr'>h.</span> <span class='ocrx_word' id='word_1_19' title='bbox 1798 1118 1845 1177; x_wconf 87' lang='lat'>1.</span> <span class='ocrx_word' id='word_1_20' title='bbox 1885 1110 1959 1173; x_wconf 88' lang='lat' dir='ltr'>de</span> <span class='ocrx_word' id='word_1_21' title='bbox 1996 1110 2198 1181; x_wconf 86' lang='lat' dir='ltr'>fossa,</span> <span class='ocrx_word' id='word_1_22' title='bbox 2252 1110 2355 1173; x_wconf 87' lang='lat' dir='ltr'>sed</span> <span class='ocrx_word' id='word_1_23' title='bbox 2396 1111 2580 1173; x_wconf 89' lang='lat' dir='ltr'>medii</span> <span class='ocrx_word' id='word_1_24' title='bbox 2620 1113 2756 1173; x_wconf 78' lang='lat' dir='ltr'>aevi</span> <span class='ocrx_word' id='word_1_25' title='bbox 2799 1124 2968 1171; x_wconf 88' lang='lat' dir='ltr'>more</span> <span class='ocrx_word' id='word_1_26' title='bbox 3018 1106 3163 1183; x_wconf 85' lang='lat' dir='ltr'>(cf.</span> <span class='ocrx_word' id='word_1_27' title='bbox 3209 1104 3289 1165; x_wconf 84' lang='lat' dir='ltr'>du</span> <span class='ocrx_word' id='word_1_28' title='bbox 3325 1108 3586 1183; x_wconf 78' lang='lat' dir='ltr'>cangius</span> <span class='ocrx_word' id='word_1_29' title='bbox 3629 1110 3688 1171; x_wconf 91' lang='lat' dir='ltr'>in</span> <span class='ocrx_word' id='word_1_30' title='bbox 3725 1125 3989 1189; x_wconf 89' lang='lat' dir='ltr'>utroque</span> <span class='ocrx_word' id='word_1_31' title='bbox 4038 1113 4327 1187; x_wconf 75' lang='lat' dir='ltr'>glossario</span> 
     </span>
     <span class='ocr_line' id='line_1_4' title="bbox 1500 1212 4326 1295; baseline -0.002 -18"><span class='ocrx_word' id='word_1_32' title='bbox 1500 1240 1561 1283; x_wconf 75' lang='lat' dir='ltr'>v.</span> <span class='ocrx_word' id='word_1_33' title='bbox 1622 1220 1901 1295; x_wconf 69' lang='grc' dir='ltr'><strong><em>Φῶσατον</em></strong></span> <span class='ocrx_word' id='word_1_34' title='bbox 1953 1227 2014 1273; x_wconf 91' lang='lat' dir='ltr'>et</span> <span class='ocrx_word' id='word_1_35' title='bbox 2054 1212 2381 1289; x_wconf 81' lang='lat' dir='ltr'><em>Fossatum)</em></span> <span class='ocrx_word' id='word_1_36' title='bbox 2436 1212 2511 1275; x_wconf 90' lang='lat' dir='ltr'>de</span> <span class='ocrx_word' id='word_1_37' title='bbox 2573 1227 2910 1275; x_wconf 77' lang='lat' dir='ltr'>castrorum</span> <span class='ocrx_word' id='word_1_38' title='bbox 2963 1212 3301 1273; x_wconf 84' lang='lat' dir='ltr'>munitione</span> <span class='ocrx_word' id='word_1_39' title='bbox 3370 1214 3653 1276; x_wconf 83' lang='lat' dir='ltr'>universa</span> <span class='ocrx_word' id='word_1_40' title='bbox 3711 1213 4134 1292; x_wconf 78' lang='lat' dir='ltr'>accipiendum</span> <span class='ocrx_word' id='word_1_41' title='bbox 4189 1228 4326 1287; x_wconf 85' lang='lat' dir='ltr'>est,</span> 
     </span>
     <span class='ocr_line' id='line_1_5' title="bbox 1494 1313 4326 1396; baseline -0.001 -15"><span class='ocrx_word' id='word_1_42' title='bbox 1494 1322 1653 1381; x_wconf 84' lang='lat' dir='ltr'>unde</span> <span class='ocrx_word' id='word_1_43' title='bbox 1692 1324 1871 1381; x_wconf 81' lang='lat' dir='ltr'>etism</span> <span class='ocrx_word' id='word_1_44' title='bbox 1902 1322 2119 1381; x_wconf 75' lang='lat' dir='ltr'>vallum</span> <span class='ocrx_word' id='word_1_45' title='bbox 2158 1322 2416 1396; x_wconf 80' lang='lat' dir='ltr'>appellat</span> <span class='ocrx_word' id='word_1_46' title='bbox 2452 1316 2744 1379; x_wconf 82' lang='lat' dir='ltr'>Bet-nard.</span> <span class='ocrx_word' id='word_1_47' title='bbox 2771 1316 2952 1378; x_wconf 81' lang='lat' dir='ltr'>Thes.</span> <span class='ocrx_word' id='word_1_48' title='bbox 2988 1314 3140 1391; x_wconf 82' lang='lat' dir='ltr'>apud</span> <span class='ocrx_word' id='word_1_49' title='bbox 3171 1313 3391 1379; x_wconf 79' lang='lat' dir='ltr'>Mutat.</span> <span class='ocrx_word' id='word_1_50' title='bbox 3432 1316 3810 1393; x_wconf 56' lang='grc' dir='ltr'>διῄρηκεν.</span> <span class='ocrx_word' id='word_1_51' title='bbox 3841 1320 4038 1380; x_wconf 78' lang='lat' dir='ltr'>Italic.</span> <span class='ocrx_word' id='word_1_52' title='bbox 4075 1320 4152 1383; x_wconf 91' lang='lat' dir='ltr'>T.</span> <span class='ocrx_word' id='word_1_53' title='bbox 4183 1319 4326 1377; x_wconf 84' lang='lat' dir='ltr'>Vll.</span> 
     </span>
     <span class='ocr_line' id='line_1_6' title="bbox 1498 1420 4332 1503; baseline -0.002 -18"><span class='ocrx_word' id='word_1_54' title='bbox 1498 1444 1559 1501; x_wconf 86' lang='lat' dir='ltr'>p.</span> <span class='ocrx_word' id='word_1_55' title='bbox 1590 1428 1719 1499; x_wconf 79' lang='lat'><strong>833.</strong></span> <span class='ocrx_word' id='word_1_56' title='bbox 1756 1427 1832 1491; x_wconf 87' lang='lat' dir='ltr'>A.</span> <span class='ocrx_word' id='word_1_57' title='bbox 1905 1420 2029 1503; x_wconf 77' lang='lat' dir='ltr'>Jam</span> <span class='ocrx_word' id='word_1_58' title='bbox 2068 1424 2299 1499; x_wconf 85' lang='lat' dir='ltr'>primus</span> <span class='ocrx_word' id='word_1_59' title='bbox 2348 1424 2780 1483; x_wconf 81' lang='lat' dir='ltr'>Saracenorum</span> <span class='ocrx_word' id='word_1_60' title='bbox 2822 1422 2880 1479; x_wconf 90' lang='lat' dir='ltr'>in</span> <span class='ocrx_word' id='word_1_61' title='bbox 2921 1421 3104 1497; x_wconf 80' lang='lat' dir='ltr'>ripam</span> <span class='ocrx_word' id='word_1_62' title='bbox 3161 1420 3602 1483; x_wconf 85' lang='lat' dir='ltr'>occidentalem</span> <span class='ocrx_word' id='word_1_63' title='bbox 3653 1422 3910 1499; x_wconf 81' lang='lat' dir='ltr'>impetus</span> <span class='ocrx_word' id='word_1_64' title='bbox 3967 1422 4193 1483; x_wconf 89' lang='lat' dir='ltr'>accidit</span> <span class='ocrx_word' id='word_1_65' title='bbox 4229 1421 4332 1481; x_wconf 90' lang='lat' dir='ltr'>die</span> 
     </span>
     <span class='ocr_line' id='line_1_7' title="bbox 1495 1508 4329 1607; baseline -0.002 -16"><span class='ocrx_word' id='word_1_66' title='bbox 1495 1508 1823 1591; x_wconf 81' lang='lat' dir='ltr'>Parmarum</span> <span class='ocrx_word' id='word_1_67' title='bbox 1871 1526 1987 1605; x_wconf 81' lang='lat'>(3¹</span> <span class='ocrx_word' id='word_1_68' title='bbox 2030 1526 2299 1607; x_wconf 81' lang='lat' dir='ltr'>Martii)</span> <span class='ocrx_word' id='word_1_69' title='bbox 2340 1529 2417 1590; x_wconf 85' lang='lat' dir='ltr'>A.</span> <span class='ocrx_word' id='word_1_70' title='bbox 2461 1541 2652 1601; x_wconf 80' lang='lat'>1219,</span> <span class='ocrx_word' id='word_1_71' title='bbox 2693 1542 2858 1600; x_wconf 89' lang='lat' dir='ltr'>quo,</span> <span class='ocrx_word' id='word_1_72' title='bbox 2896 1527 3201 1602; x_wconf 79' lang='lat' dir='ltr'><strong>perruptis</strong></span> <span class='ocrx_word' id='word_1_73' title='bbox 3235 1530 3483 1600; x_wconf 87' lang='lat' dir='ltr'>castris,</span> <span class='ocrx_word' id='word_1_74' title='bbox 3535 1528 3734 1602; x_wconf 81' lang='lat' dir='ltr'>aliqua</span> <span class='ocrx_word' id='word_1_75' title='bbox 3765 1542 3901 1605; x_wconf 85' lang='lat' dir='ltr'>pars</span> <span class='ocrx_word' id='word_1_76' title='bbox 3932 1528 4135 1604; x_wconf 89' lang='lat' dir='ltr'>pontis</span> <span class='ocrx_word' id='word_1_77' title='bbox 4165 1540 4329 1585; x_wconf 84' lang='lat' dir='ltr'>com·</span> 
     </span>
     <span class='ocr_line' id='line_1_8' title="bbox 1498 1626 4332 1707; baseline -0.001 -16"><span class='ocrx_word' id='word_1_78' title='bbox 1498 1634 1675 1691; x_wconf 86' lang='lat' dir='ltr'>busta</span> <span class='ocrx_word' id='word_1_79' title='bbox 1708 1646 1824 1695; x_wconf 87' lang='lat' dir='ltr'>est.</span> <span class='ocrx_word' id='word_1_80' title='bbox 1866 1664 1871 1669; x_wconf 80' lang='grc'><em>·</em></span> <span class='ocrx_word' id='word_1_81' title='bbox 1900 1634 2150 1693; x_wconf 83' lang='lat' dir='ltr'>Secutae</span> <span class='ocrx_word' id='word_1_82' title='bbox 2193 1646 2323 1693; x_wconf 90' lang='lat' dir='ltr'>sunt</span> <span class='ocrx_word' id='word_1_83' title='bbox 2356 1630 2506 1691; x_wconf 79' lang='lat' dir='ltr'>duae</span> <span class='ocrx_word' id='word_1_84' title='bbox 2536 1632 2683 1691; x_wconf 84' lang='lat' dir='ltr'>aliae</span> <span class='ocrx_word' id='word_1_85' title='bbox 2723 1629 3101 1689; x_wconf 78' lang='lat' dir='ltr'>incursiones</span> <span class='ocrx_word' id='word_1_86' title='bbox 3121 1666 3143 1701; x_wconf 88' lang='lat'>,</span> <span class='ocrx_word' id='word_1_87' title='bbox 3181 1630 3366 1689; x_wconf 86' lang='lat' dir='ltr'>altera</span> <span class='ocrx_word' id='word_1_88' title='bbox 3393 1628 3495 1691; x_wconf 89' lang='lat' dir='ltr'>die</span> <span class='ocrx_word' id='word_1_89' title='bbox 3526 1632 3922 1693; x_wconf 85' lang='lat' dir='ltr'>Ascensionis</span> <span class='ocrx_word' id='word_1_90' title='bbox 3962 1627 4000 1707; x_wconf 86' lang='lat'><strong>(</strong></span> <span class='ocrx_word' id='word_1_91' title='bbox 4024 1630 4094 1691; x_wconf 90' lang='lat'>16</span> <span class='ocrx_word' id='word_1_92' title='bbox 4125 1626 4332 1707; x_wconf 80' lang='lat' dir='ltr'>Maii)</span> 
     </span>
     <span class='ocr_line' id='line_1_9' title="bbox 1498 1732 4332 1823; baseline -0.001 -29"><span class='ocrx_word' id='word_1_93' title='bbox 1498 1740 1681 1795; x_wconf 84' lang='lat' dir='ltr'>altera</span> <span class='ocrx_word' id='word_1_94' title='bbox 1712 1752 1779 1810; x_wconf 86' lang='lat'>31</span> <span class='ocrx_word' id='word_1_95' title='bbox 1818 1737 2004 1815; x_wconf 85' lang='lat' dir='ltr'>Julii,</span> <span class='ocrx_word' id='word_1_96' title='bbox 2045 1733 2121 1793; x_wconf 92' lang='lat' dir='ltr'>de</span> <span class='ocrx_word' id='word_1_97' title='bbox 2161 1737 2383 1811; x_wconf 80' lang='lat' dir='ltr'>quibus</span> <span class='ocrx_word' id='word_1_98' title='bbox 2418 1750 2610 1795; x_wconf 81' lang='lat' dir='ltr'>tamen</span> <span class='ocrx_word' id='word_1_99' title='bbox 2647 1732 2887 1795; x_wconf 87' lang='lat' dir='ltr'>definiri</span> <span class='ocrx_word' id='word_1_100' title='bbox 2920 1747 3040 1791; x_wconf 89' lang='lat' dir='ltr'>non</span> <span class='ocrx_word' id='word_1_101' title='bbox 3061 1748 3303 1823; x_wconf 83' lang='lat' dir='ltr'>potest,</span> <span class='ocrx_word' id='word_1_102' title='bbox 3341 1749 3545 1796; x_wconf 86' lang='lat' dir='ltr'>utrum</span> <span class='ocrx_word' id='word_1_103' title='bbox 3569 1739 3629 1795; x_wconf 90' lang='lat' dir='ltr'>in</span> <span class='ocrx_word' id='word_1_104' title='bbox 3663 1737 4032 1797; x_wconf 84' lang='lat' dir='ltr'>orientalian</span> <span class='ocrx_word' id='word_1_105' title='bbox 4067 1736 4129 1793; x_wconf 90' lang='lat' dir='ltr'>in</span> <span class='ocrx_word' id='word_1_106' title='bbox 4165 1736 4332 1794; x_wconf 87' lang='lat' dir='ltr'>occi·</span> 
     </span>
     <span class='ocr_line' id='line_1_10' title="bbox 1498 1838 4332 1916; baseline 0.001 -20"><span class='ocrx_word' id='word_1_107' title='bbox 1498 1838 1718 1901; x_wconf 87' lang='lat' dir='ltr'>dentali</span> <span class='ocrx_word' id='word_1_108' title='bbox 1745 1883 1766 1912; x_wconf 93' lang='lat'>,</span> <span class='ocrx_word' id='word_1_109' title='bbox 1804 1858 1875 1899; x_wconf 87' lang='lat' dir='ltr'>an</span> <span class='ocrx_word' id='word_1_110' title='bbox 1908 1845 1967 1903; x_wconf 82' lang='lat' dir='ltr'>iu</span> <span class='ocrx_word' id='word_1_111' title='bbox 1990 1852 2239 1916; x_wconf 84' lang='lat' dir='ltr'>utraque</span> <span class='ocrx_word' id='word_1_112' title='bbox 2263 1840 2391 1915; x_wconf 77' lang='lat' dir='ltr'>ripa</span> <span class='ocrx_word' id='word_1_113' title='bbox 2418 1841 2621 1900; x_wconf 88' lang='lat' dir='ltr'>locum</span> <span class='ocrx_word' id='word_1_114' title='bbox 2654 1838 3010 1908; x_wconf 70' lang='lat' dir='ltr'>habuerint-5</span> <span class='ocrx_word' id='word_1_115' title='bbox 3048 1838 3582 1914; x_wconf 85' lang='lat' dir='ltr'>licetpostremum</span> <span class='ocrx_word' id='word_1_116' title='bbox 3617 1841 3787 1900; x_wconf 83' lang='lat' dir='ltr'>nobis</span> <span class='ocrx_word' id='word_1_117' title='bbox 3819 1839 4061 1915; x_wconf 87' lang='lat' dir='ltr'>quidem</span> <span class='ocrx_word' id='word_1_118' title='bbox 4091 1840 4332 1899; x_wconf 70' lang='lat' dir='ltr'>verosi·</span> 
     </span>
     <span class='ocr_line' id='line_1_11' title="bbox 1500 1940 4340 2023; baseline -0.001 -20"><span class='ocrx_word' id='word_1_119' title='bbox 1500 1946 1815 2003; x_wconf 87' lang='lat' dir='ltr'>millimum</span> <span class='ocrx_word' id='word_1_120' title='bbox 1851 1948 1951 2008; x_wconf 83' lang='lat' dir='ltr'>sit.</span> <span class='ocrx_word' id='word_1_121' title='bbox 2030 1944 2333 2021; x_wconf 73' lang='lat' dir='ltr'>Imprimis</span> <span class='ocrx_word' id='word_1_122' title='bbox 2361 1956 2557 2003; x_wconf 77' lang='lat' dir='ltr'>autem</span> <span class='ocrx_word' id='word_1_123' title='bbox 2580 1943 2867 2003; x_wconf 83' lang='lat' dir='ltr'>memoria</span> <span class='ocrx_word' id='word_1_124' title='bbox 2896 1940 3066 2015; x_wconf 85' lang='lat' dir='ltr'>digna</span> <span class='ocrx_word' id='word_1_125' title='bbox 3099 1955 3191 2001; x_wconf 87' lang='lat' dir='ltr'>est</span> <span class='ocrx_word' id='word_1_126' title='bbox 3224 1957 3460 2018; x_wconf 82' lang='lat' dir='ltr'>pugna,</span> <span class='ocrx_word' id='word_1_127' title='bbox 3491 1959 3645 2020; x_wconf 85' lang='lat' dir='ltr'>quae</span> <span class='ocrx_word' id='word_1_128' title='bbox 3665 1944 3769 2008; x_wconf 88' lang='lat' dir='ltr'>die</span> <span class='ocrx_word' id='word_1_129' title='bbox 3791 1944 4204 2007; x_wconf 80' lang='lat' dir='ltr'>decollationis</span> <span class='ocrx_word' id='word_1_130' title='bbox 4238 1943 4340 2023; x_wconf 78' lang='lat' dir='ltr'>Jo-</span> 
     </span>
     <span class='ocr_line' id='line_1_12' title="bbox 1503 2041 4338 2125; baseline -0 -18"><span class='ocrx_word' id='word_1_131' title='bbox 1503 2050 1707 2107; x_wconf 78' lang='lat' dir='ltr'>hannis</span> <span class='ocrx_word' id='word_1_132' title='bbox 1743 2050 2089 2125; x_wconf 74' lang='lat' dir='ltr'>Baptistae,</span> <span class='ocrx_word' id='word_1_133' title='bbox 2152 2046 2269 2123; x_wconf 83' lang='lat'>(29</span> <span class='ocrx_word' id='word_1_134' title='bbox 2302 2044 2617 2122; x_wconf 85' lang='lat' dir='ltr'>Augusti)</span> <span class='ocrx_word' id='word_1_135' title='bbox 2668 2047 2997 2121; x_wconf 80' lang='lat' dir='ltr'>contigisse</span> <span class='ocrx_word' id='word_1_136' title='bbox 3036 2041 3300 2116; x_wconf 85' lang='lat' dir='ltr'>dicitur,</span> <span class='ocrx_word' id='word_1_137' title='bbox 3353 2060 3416 2105; x_wconf 91' lang='lat' dir='ltr'>et</span> <span class='ocrx_word' id='word_1_138' title='bbox 3469 2052 3685 2124; x_wconf 90' lang='lat' dir='ltr'>procul</span> <span class='ocrx_word' id='word_1_139' title='bbox 3733 2048 3919 2111; x_wconf 90' lang='lat' dir='ltr'>dubio</span> <span class='ocrx_word' id='word_1_140' title='bbox 3963 2066 4080 2109; x_wconf 85' lang='lat' dir='ltr'>non</span> <span class='ocrx_word' id='word_1_141' title='bbox 4135 2046 4338 2109; x_wconf 85' lang='lat' dir='ltr'>differt</span> 
     </span>
     <span class='ocr_line' id='line_1_13' title="bbox 1499 2148 4338 2230; baseline 0.001 -21"><span class='ocrx_word' id='word_1_142' title='bbox 1499 2168 1533 2209; x_wconf 79' lang='lat' dir='ltr'>a</span> <span class='ocrx_word' id='word_1_143' title='bbox 1586 2154 1829 2228; x_wconf 87' lang='lat' dir='ltr'>proelio</span> <span class='ocrx_word' id='word_1_144' title='bbox 1875 2150 2030 2228; x_wconf 86' lang='lat' dir='ltr'>apud</span> <span class='ocrx_word' id='word_1_145' title='bbox 2066 2153 2331 2213; x_wconf 86' lang='lat' dir='ltr'>Bourlos</span> <span class='ocrx_word' id='word_1_146' title='bbox 2392 2150 2614 2227; x_wconf 83' lang='lat' dir='ltr'>(sive,</span> <span class='ocrx_word' id='word_1_147' title='bbox 2666 2165 2734 2210; x_wconf 88' lang='lat' dir='ltr'>ut</span> <span class='ocrx_word' id='word_1_148' title='bbox 2763 2148 3052 2209; x_wconf 82' lang='lat' dir='ltr'>scribitur</span> <span class='ocrx_word' id='word_1_149' title='bbox 3095 2148 3152 2207; x_wconf 87' lang='lat' dir='ltr'>in</span> <span class='ocrx_word' id='word_1_150' title='bbox 3193 2148 3352 2209; x_wconf 85' lang='lat' dir='ltr'><em>Tabl.</em></span> <span class='ocrx_word' id='word_1_151' title='bbox 3403 2150 3519 2215; x_wconf 73' lang='lat' dir='ltr'>det.</span> <span class='ocrx_word' id='word_1_152' title='bbox 3567 2152 3660 2215; x_wconf 81' lang='lat' dir='ltr'>des</span> <span class='ocrx_word' id='word_1_153' title='bbox 3695 2153 3885 2222; x_wconf 76' lang='lat' dir='ltr'>Lieua·</span> <span class='ocrx_word' id='word_1_154' title='bbox 3935 2173 3998 2230; x_wconf 83' lang='lat' dir='ltr'>p.</span> <span class='ocrx_word' id='word_1_155' title='bbox 4031 2154 4146 2229; x_wconf 87' lang='grc'>669</span> <span class='ocrx_word' id='word_1_156' title='bbox 4197 2152 4243 2213; x_wconf 89' lang='lat' dir='ltr'>f.</span> <span class='ocrx_word' id='word_1_157' title='bbox 4281 2152 4338 2211; x_wconf 84' lang='lat' dir='ltr'>al</span> 
     </span>
     <span class='ocr_line' id='line_1_14' title="bbox 1502 2248 4343 2332; baseline -0 -18"><span class='ocrx_word' id='word_1_158' title='bbox 1502 2248 1847 2332; x_wconf 86' lang='lat' dir='ltr'>Borollos)</span> <span class='ocrx_word' id='word_1_159' title='bbox 1889 2258 2249 2328; x_wconf 89' lang='lat' dir='ltr'>commisso,</span> <span class='ocrx_word' id='word_1_160' title='bbox 2305 2258 2365 2315; x_wconf 86' lang='lat' dir='ltr'>in</span> <span class='ocrx_word' id='word_1_161' title='bbox 2416 2272 2544 2331; x_wconf 87' lang='lat' dir='ltr'>quo</span> <span class='ocrx_word' id='word_1_162' title='bbox 2584 2252 2798 2315; x_wconf 84' lang='lat' dir='ltr'>decem</span> <span class='ocrx_word' id='word_1_163' title='bbox 2848 2254 3030 2313; x_wconf 81' lang='lat' dir='ltr'>millia</span> <span class='ocrx_word' id='word_1_164' title='bbox 3074 2252 3442 2315; x_wconf 82' lang='lat' dir='ltr'>Francorum</span> <span class='ocrx_word' id='word_1_165' title='bbox 3487 2257 3790 2321; x_wconf 88' lang='lat' dir='ltr'>cecidisse</span> <span class='ocrx_word' id='word_1_166' title='bbox 3845 2260 4038 2319; x_wconf 81' lang='lat' dir='ltr'>refert</span> <span class='ocrx_word' id='word_1_167' title='bbox 4083 2256 4343 2317; x_wconf 79' lang='lat' dir='ltr'>Nuwei·</span> 
     </span>
     <span class='ocr_line' id='line_1_15' title="bbox 1498 2357 4333 2441; baseline -0.004 -24"><span class='ocrx_word' id='word_1_168' title='bbox 1498 2361 1659 2431; x_wconf 89' lang='lat' dir='ltr'>rius,</span> <span class='ocrx_word' id='word_1_169' title='bbox 1706 2357 2019 2421; x_wconf 77' lang='lat' dir='ltr'>MosIemis</span> <span class='ocrx_word' id='word_1_170' title='bbox 2065 2374 2201 2419; x_wconf 90' lang='lat' dir='ltr'>cum</span> <span class='ocrx_word' id='word_1_171' title='bbox 2262 2361 2461 2420; x_wconf 89' lang='lat' dir='ltr'>multis</span> <span class='ocrx_word' id='word_1_172' title='bbox 2503 2360 2678 2436; x_wconf 85' lang='lat' dir='ltr'>equis</span> <span class='ocrx_word' id='word_1_173' title='bbox 2733 2359 3076 2433; x_wconf 85' lang='lat' dir='ltr'>armisque,</span> <span class='ocrx_word' id='word_1_174' title='bbox 3133 2370 3288 2432; x_wconf 83' lang='lat' dir='ltr'>quae</span> <span class='ocrx_word' id='word_1_175' title='bbox 3337 2373 3662 2437; x_wconf 79' lang='lat' dir='ltr'>ceperant,</span> <span class='ocrx_word' id='word_1_176' title='bbox 3701 2363 4072 2441; x_wconf 82' lang='lat' dir='ltr'>Dimyatham</span> <span class='ocrx_word' id='word_1_177' title='bbox 4123 2374 4333 2422; x_wconf 75' lang='lat' dir='ltr'>rever.</span> 
     </span>
     <span class='ocr_line' id='line_1_16' title="bbox 1502 2460 4335 2545; baseline 0 -24"><span class='ocrx_word' id='word_1_178' title='bbox 1502 2462 1791 2525; x_wconf 86' lang='lat' dir='ltr'>tentibus.</span> <span class='ocrx_word' id='word_1_179' title='bbox 1880 2464 2119 2541; x_wconf 85' lang='lat' dir='ltr'>Nempe</span> <span class='ocrx_word' id='word_1_180' title='bbox 2174 2466 2332 2524; x_wconf 90' lang='lat' dir='ltr'>inter</span> <span class='ocrx_word' id='word_1_181' title='bbox 2379 2464 2752 2525; x_wconf 76' lang='lat' dir='ltr'>Christianos</span> <span class='ocrx_word' id='word_1_182' title='bbox 2804 2460 2882 2521; x_wconf 86' lang='lat' dir='ltr'>de</span> <span class='ocrx_word' id='word_1_183' title='bbox 2925 2463 3033 2523; x_wconf 75' lang='lat' dir='ltr'>ista</span> <span class='ocrx_word' id='word_1_184' title='bbox 3093 2474 3163 2520; x_wconf 91' lang='lat' dir='ltr'>re</span> <span class='ocrx_word' id='word_1_185' title='bbox 3213 2464 3301 2523; x_wconf 90' lang='lat' dir='ltr'>sic</span> <span class='ocrx_word' id='word_1_186' title='bbox 3354 2466 3606 2539; x_wconf 80' lang='lat' dir='ltr'>exponit</span> <span class='ocrx_word' id='word_1_187' title='bbox 3644 2465 3904 2545; x_wconf 76' lang='lat' dir='ltr'>Iacobus</span> <span class='ocrx_word' id='word_1_188' title='bbox 3945 2462 4335 2527; x_wconf 75' lang='lat' dir='ltr'>vitriacensis</span> 
     </span>
     <span class='ocr_line' id='line_1_17' title="bbox 1504 2565 4345 2645; baseline 0.001 -20"><span class='ocrx_word' id='word_1_189' title='bbox 1504 2567 1721 2641; x_wconf 80' lang='lat' dir='ltr'>(cujus</span> <span class='ocrx_word' id='word_1_190' title='bbox 1770 2567 2027 2627; x_wconf 82' lang='lat' dir='ltr'>narratio</span> <span class='ocrx_word' id='word_1_191' title='bbox 2068 2568 2125 2626; x_wconf 91' lang='lat' dir='ltr'>in</span> <span class='ocrx_word' id='word_1_192' title='bbox 2160 2569 2342 2644; x_wconf 84' lang='lat' dir='ltr'>epist.</span> <span class='ocrx_word' id='word_1_193' title='bbox 2374 2567 2493 2628; x_wconf 80' lang='lat'>111.</span> <span class='ocrx_word' id='word_1_194' title='bbox 2535 2583 2599 2641; x_wconf 88' lang='lat' dir='ltr'>p.</span> <span class='ocrx_word' id='word_1_195' title='bbox 2618 2579 2734 2641; x_wconf 77' lang='lat'>299</span> <span class='ocrx_word' id='word_1_196' title='bbox 2757 2583 2852 2640; x_wconf 86' lang='lat' dir='ltr'>sq.</span> <span class='ocrx_word' id='word_1_197' title='bbox 2893 2580 3027 2623; x_wconf 87' lang='lat' dir='ltr'>cum</span> <span class='ocrx_word' id='word_1_198' title='bbox 3051 2565 3394 2625; x_wconf 72' lang='lat' dir='ltr'>olivet-iana</span> <span class='ocrx_word' id='word_1_199' title='bbox 3431 2569 3513 2627; x_wconf 87' lang='lat' dir='ltr'>C.</span> <span class='ocrx_word' id='word_1_200' title='bbox 3545 2584 3638 2643; x_wconf 84' lang='lat'>14.</span> <span class='ocrx_word' id='word_1_201' title='bbox 3674 2588 3739 2644; x_wconf 88' lang='lat' dir='ltr'>p.</span> <span class='ocrx_word' id='word_1_202' title='bbox 3781 2584 3928 2645; x_wconf 74' lang='lat'>14¹⁸</span> <span class='ocrx_word' id='word_1_203' title='bbox 3969 2586 4059 2645; x_wconf 86' lang='lat' dir='ltr'>sq.</span> <span class='ocrx_word' id='word_1_204' title='bbox 4099 2582 4345 2642; x_wconf 85' lang='lat' dir='ltr'>compo·</span> 
     </span>
     <span class='ocr_line' id='line_1_18' title="bbox 1500 2666 4344 2749; baseline 0 -18"><span class='ocrx_word' id='word_1_205' title='bbox 1500 2669 1691 2731; x_wconf 81' lang='lat' dir='ltr'>nenda</span> <span class='ocrx_word' id='word_1_206' title='bbox 1728 2684 1792 2730; x_wconf 91' lang='lat' dir='ltr'>et</span> <span class='ocrx_word' id='word_1_207' title='bbox 1812 2668 2177 2732; x_wconf 84' lang='lat' dir='ltr'>conferenda</span> <span class='ocrx_word' id='word_1_208' title='bbox 2211 2666 2375 2747; x_wconf 86' lang='lat' dir='ltr'>est).</span> <span class='ocrx_word' id='word_1_209' title='bbox 2434 2672 2645 2733; x_wconf 80' lang='lat' dir='ltr'>Cruce</span> <span class='ocrx_word' id='word_1_210' title='bbox 2683 2670 2944 2744; x_wconf 80' lang='lat' dir='ltr'>signatos</span> <span class='ocrx_word' id='word_1_211' title='bbox 2986 2667 3174 2732; x_wconf 85' lang='lat' dir='ltr'>tradit</span> <span class='ocrx_word' id='word_1_212' title='bbox 3211 2666 3500 2731; x_wconf 81' lang='lat' dir='ltr'>eduxisse</span> <span class='ocrx_word' id='word_1_213' title='bbox 3541 2672 3745 2749; x_wconf 82' lang='lat' dir='ltr'>copias</span> <span class='ocrx_word' id='word_1_214' title='bbox 3779 2686 3817 2731; x_wconf 89' lang='lat' dir='ltr'>e</span> <span class='ocrx_word' id='word_1_215' title='bbox 3855 2672 4098 2742; x_wconf 87' lang='lat' dir='ltr'>castris,</span> <span class='ocrx_word' id='word_1_216' title='bbox 4133 2667 4344 2732; x_wconf 79' lang='lat' dir='ltr'>haben-</span> 
     </span>
     <span class='ocr_line' id='line_1_19' title="bbox 1434 2773 4346 2855; baseline 0 -22"><span class='ocrx_word' id='word_1_217' title='bbox 1434 2788 1439 2795; x_wconf 87' lang='lat'><em>·</em></span> <span class='ocrx_word' id='word_1_218' title='bbox 1508 2786 1594 2835; x_wconf 85' lang='lat' dir='ltr'>tes</span> <span class='ocrx_word' id='word_1_219' title='bbox 1623 2780 1687 2837; x_wconf 86' lang='lat' dir='ltr'>in</span> <span class='ocrx_word' id='word_1_220' title='bbox 1729 2774 1893 2849; x_wconf 76' lang='lat' dir='ltr'>firmo</span> <span class='ocrx_word' id='word_1_221' title='bbox 1930 2778 2217 2853; x_wconf 80' lang='lat' dir='ltr'>proposito</span> <span class='ocrx_word' id='word_1_222' title='bbox 2231 2816 2253 2851; x_wconf 91' lang='lat'>,</span> <span class='ocrx_word' id='word_1_223' title='bbox 2309 2774 2459 2851; x_wconf 75' lang='lat' dir='ltr'>quod</span> <span class='ocrx_word' id='word_1_224' title='bbox 2486 2780 2538 2836; x_wconf 82' lang='lat' dir='ltr'>ss·</span> <span class='ocrx_word' id='word_1_225' title='bbox 2578 2776 2859 2835; x_wconf 83' lang='lat' dir='ltr'>Saraceni</span> <span class='ocrx_word' id='word_1_226' title='bbox 2889 2773 3032 2836; x_wconf 81' lang='lat' dir='ltr'>bello</span> <span class='ocrx_word' id='word_1_227' title='bbox 3073 2776 3492 2839; x_wconf 66' lang='lat' dir='ltr'>succumberent</span> <span class='ocrx_word' id='word_1_228' title='bbox 3527 2780 3871 2855; x_wconf 77' lang='lat' dir='ltr'>campestri,</span> <span class='ocrx_word' id='word_1_229' title='bbox 3906 2780 4018 2853; x_wconf 83' lang='lat' dir='ltr'>ipsi</span> <span class='ocrx_word' id='word_1_230' title='bbox 4044 2780 4108 2835; x_wconf 84' lang='lat' dir='ltr'>in</span> <span class='ocrx_word' id='word_1_231' title='bbox 4139 2778 4346 2835; x_wconf 83' lang='lat' dir='ltr'>castris</span> 
     </span>
     <span class='ocr_line' id='line_1_20' title="bbox 1502 2878 4346 2960; baseline -0 -20"><span class='ocrx_word' id='word_1_232' title='bbox 1502 2897 1695 2940; x_wconf 81' lang='lat' dir='ltr'>eorum</span> <span class='ocrx_word' id='word_1_233' title='bbox 1720 2921 1741 2953; x_wconf 95' lang='lat'>,</span> <span class='ocrx_word' id='word_1_234' title='bbox 1778 2896 1928 2956; x_wconf 76' lang='lat' dir='ltr'>quae</span> <span class='ocrx_word' id='word_1_235' title='bbox 1960 2881 2077 2941; x_wconf 86' lang='lat' dir='ltr'>sibi</span> <span class='ocrx_word' id='word_1_236' title='bbox 2101 2879 2188 2942; x_wconf 78' lang='lat' dir='ltr'>ad</span> <span class='ocrx_word' id='word_1_237' title='bbox 2212 2896 2388 2940; x_wconf 76' lang='lat' dir='ltr'>unam</span> <span class='ocrx_word' id='word_1_238' title='bbox 2421 2879 2642 2942; x_wconf 77' lang='lat' dir='ltr'>leucam</span> <span class='ocrx_word' id='word_1_239' title='bbox 2674 2882 2874 2941; x_wconf 72' lang='lat' dir='ltr'>vicina</span> <span class='ocrx_word' id='word_1_240' title='bbox 2899 2894 3072 2941; x_wconf 79' lang='lat' dir='ltr'>erant</span> <span class='ocrx_word' id='word_1_241' title='bbox 3092 2922 3114 2953; x_wconf 92' lang='lat'>,</span> <span class='ocrx_word' id='word_1_242' title='bbox 3151 2878 3585 2960; x_wconf 79' lang='lat' dir='ltr'>hospitarentur</span> <span class='ocrx_word' id='word_1_243' title='bbox 3600 2916 3622 2951; x_wconf 85' lang='lat'><strong>‚</strong></span> <span class='ocrx_word' id='word_1_244' title='bbox 3656 2892 3718 2941; x_wconf 91' lang='lat' dir='ltr'>et</span> <span class='ocrx_word' id='word_1_245' title='bbox 3745 2884 3839 2941; x_wconf 87' lang='lat' dir='ltr'>ita</span> <span class='ocrx_word' id='word_1_246' title='bbox 3873 2883 3988 2941; x_wconf 82' lang='lat' dir='ltr'>suis</span> <span class='ocrx_word' id='word_1_247' title='bbox 4019 2892 4130 2957; x_wconf 84' lang='lat' dir='ltr'>per</span> <span class='ocrx_word' id='word_1_248' title='bbox 4155 2882 4346 2939; x_wconf 79' lang='lat' dir='ltr'>inter·</span> 
     </span>
     <span class='ocr_line' id='line_1_21' title="bbox 1498 2982 4346 3061; baseline 0.001 -18"><span class='ocrx_word' id='word_1_249' title='bbox 1498 2988 1831 3059; x_wconf 70' lang='lat' dir='ltr'>positionem</span> <span class='ocrx_word' id='word_1_250' title='bbox 1882 2999 2041 3045; x_wconf 68' lang='lat' dir='ltr'>suan</span> <span class='ocrx_word' id='word_1_251' title='bbox 2096 2990 2460 3046; x_wconf 67' lang='lat' dir='ltr'>securitatem</span> <span class='ocrx_word' id='word_1_252' title='bbox 2522 2997 2894 3061; x_wconf 77' lang='lat' dir='ltr'>praestarent</span> <span class='ocrx_word' id='word_1_253' title='bbox 2960 2984 3273 3047; x_wconf 71' lang='lat' dir='ltr'>invadendi</span> <span class='ocrx_word' id='word_1_254' title='bbox 3340 2990 3663 3047; x_wconf 71' lang='lat' dir='ltr'>civitatem.</span> <span class='ocrx_word' id='word_1_255' title='bbox 3758 2985 3926 3061; x_wconf 86' lang='lat' dir='ltr'>Quae</span> <span class='ocrx_word' id='word_1_256' title='bbox 3969 2982 4044 3042; x_wconf 85' lang='lat' dir='ltr'>ad</span> <span class='ocrx_word' id='word_1_257' title='bbox 4094 2985 4346 3045; x_wconf 87' lang='lat' dir='ltr'>verbum</span> 
     </span>
     <span class='ocr_line' id='line_1_22' title="bbox 1506 3086 4350 3167; baseline 0.002 -24"><span class='ocrx_word' id='word_1_258' title='bbox 1506 3086 1643 3145; x_wconf 85' lang='lat' dir='ltr'>fere</span> <span class='ocrx_word' id='word_1_259' title='bbox 1699 3102 1777 3147; x_wconf 85' lang='lat' dir='ltr'>ex</span> <span class='ocrx_word' id='word_1_260' title='bbox 1834 3090 2085 3164; x_wconf 76' lang='lat' dir='ltr'>epistole</span> <span class='ocrx_word' id='word_1_261' title='bbox 2137 3086 2231 3149; x_wconf 90' lang='lat'>111</span> <span class='ocrx_word' id='word_1_262' title='bbox 2282 3090 2599 3167; x_wconf 75' lang='lat' dir='ltr'>descripta¹</span> <span class='ocrx_word' id='word_1_263' title='bbox 2641 3090 2984 3151; x_wconf 85' lang='lat' dir='ltr'>luculenter</span> <span class='ocrx_word' id='word_1_264' title='bbox 3030 3089 3437 3153; x_wconf 80' lang='lat' dir='ltr'>demonstrant</span> <span class='ocrx_word' id='word_1_265' title='bbox 3484 3089 3956 3153; x_wconf 73' lang='lat' dir='ltr'>Christianorum</span> <span class='ocrx_word' id='word_1_266' title='bbox 3995 3088 4116 3151; x_wconf 83' lang='lat' dir='ltr'>hoc</span> <span class='ocrx_word' id='word_1_267' title='bbox 4154 3088 4350 3149; x_wconf 86' lang='lat' dir='ltr'>eonsi-</span> 
     </span>
     <span class='ocr_line' id='line_1_23' title="bbox 1511 3188 4352 3273; baseline 0.002 -26"><span class='ocrx_word' id='word_1_268' title='bbox 1511 3188 1657 3249; x_wconf 84' lang='lat' dir='ltr'>lium</span> <span class='ocrx_word' id='word_1_269' title='bbox 1688 3191 1911 3261; x_wconf 81' lang='lat' dir='ltr'>fuisse,</span> <span class='ocrx_word' id='word_1_270' title='bbox 1946 3210 2015 3255; x_wconf 86' lang='lat' dir='ltr'>nt</span> <span class='ocrx_word' id='word_1_271' title='bbox 2048 3210 2243 3256; x_wconf 72' lang='lat' dir='ltr'>cestra</span> <span class='ocrx_word' id='word_1_272' title='bbox 2272 3191 2431 3272; x_wconf 84' lang='lat' dir='ltr'>apud</span> <span class='ocrx_word' id='word_1_273' title='bbox 2464 3194 2727 3254; x_wconf 84' lang='lat' dir='ltr'>Bouram</span> <span class='ocrx_word' id='word_1_274' title='bbox 2747 3235 2770 3268; x_wconf 89' lang='lat'>,</span> <span class='ocrx_word' id='word_1_275' title='bbox 2813 3194 3225 3273; x_wconf 86' lang='lat' dir='ltr'>imprudenter</span> <span class='ocrx_word' id='word_1_276' title='bbox 3255 3197 3503 3267; x_wconf 76' lang='lat' dir='ltr'>emissa,</span> <span class='ocrx_word' id='word_1_277' title='bbox 3543 3194 3650 3255; x_wconf 88' lang='lat' dir='ltr'>ubi</span> <span class='ocrx_word' id='word_1_278' title='bbox 3681 3195 3882 3255; x_wconf 84' lang='lat' dir='ltr'>hostes</span> <span class='ocrx_word' id='word_1_279' title='bbox 3917 3207 4156 3253; x_wconf 85' lang='lat' dir='ltr'>suarum</span> <span class='ocrx_word' id='word_1_280' title='bbox 4185 3194 4352 3253; x_wconf 81' lang='lat' dir='ltr'>inva-</span> 
     </span>
     <span class='ocr_line' id='line_1_24' title="bbox 1508 3293 4346 3377; baseline -0 -24"><span class='ocrx_word' id='word_1_281' title='bbox 1508 3293 1742 3353; x_wconf 85' lang='lat' dir='ltr'>sionum</span> <span class='ocrx_word' id='word_1_282' title='bbox 1784 3296 1951 3363; x_wconf 85' lang='lat' dir='ltr'>quasi</span> <span class='ocrx_word' id='word_1_283' title='bbox 1994 3298 2323 3371; x_wconf 62' lang='grc' dir='ltr'>δρμκτήμου</span> <span class='ocrx_word' id='word_1_284' title='bbox 2368 3300 2860 3373; x_wconf 80' lang='lat' dir='ltr'>constituerant,</span> <span class='ocrx_word' id='word_1_285' title='bbox 2909 3311 3374 3377; x_wconf 72' lang='lat' dir='ltr'>recuperarent.</span> <span class='ocrx_word' id='word_1_286' title='bbox 3475 3298 3648 3374; x_wconf 87' lang='lat' dir='ltr'>Ergo</span> <span class='ocrx_word' id='word_1_287' title='bbox 3691 3298 3972 3362; x_wconf 82' lang='lat' dir='ltr'>Saraceni</span> <span class='ocrx_word' id='word_1_288' title='bbox 4010 3298 4184 3357; x_wconf 77' lang='lat' dir='ltr'>etiam</span> <span class='ocrx_word' id='word_1_289' title='bbox 4235 3294 4346 3371; x_wconf 81' lang='lat' dir='ltr'>ipsi</span> 
     </span>
     <span class='ocr_line' id='line_1_25' title="bbox 1507 3397 4350 3474; baseline 0 -17"><span class='ocrx_word' id='word_1_290' title='bbox 1507 3398 1571 3457; x_wconf 89' lang='lat' dir='ltr'>in</span> <span class='ocrx_word' id='word_1_291' title='bbox 1610 3410 1884 3472; x_wconf 86' lang='lat' dir='ltr'>campum</span> <span class='ocrx_word' id='word_1_292' title='bbox 1922 3400 2148 3469; x_wconf 79' lang='lat' dir='ltr'>egressi</span> <span class='ocrx_word' id='word_1_293' title='bbox 2192 3412 2375 3469; x_wconf 64' lang='lat' dir='ltr'>sunu</span> <span class='ocrx_word' id='word_1_294' title='bbox 2414 3400 2523 3459; x_wconf 86' lang='lat' dir='ltr'>sed</span> <span class='ocrx_word' id='word_1_295' title='bbox 2571 3416 2713 3463; x_wconf 88' lang='lat' dir='ltr'>cum</span> <span class='ocrx_word' id='word_1_296' title='bbox 2752 3404 3078 3467; x_wconf 85' lang='lat' dir='ltr'>Christiani</span> <span class='ocrx_word' id='word_1_297' title='bbox 3125 3405 3182 3463; x_wconf 87' lang='lat' dir='ltr'>in</span> <span class='ocrx_word' id='word_1_298' title='bbox 3223 3418 3334 3463; x_wconf 90' lang='lat' dir='ltr'>eos</span> <span class='ocrx_word' id='word_1_299' title='bbox 3370 3400 3727 3474; x_wconf 81' lang='lat' dir='ltr'>tenderent,</span> <span class='ocrx_word' id='word_1_300' title='bbox 3769 3402 4037 3460; x_wconf 83' lang='lat' dir='ltr'>simulata</span> <span class='ocrx_word' id='word_1_301' title='bbox 4075 3397 4215 3471; x_wconf 80' lang='lat' dir='ltr'>fuga</span> <span class='ocrx_word' id='word_1_302' title='bbox 4255 3414 4350 3457; x_wconf 88' lang='lat' dir='ltr'>re·</span> 
     </span>
     <span class='ocr_line' id='line_1_26' title="bbox 1514 3500 4354 3579; baseline -0.001 -18"><span class='ocrx_word' id='word_1_303' title='bbox 1514 3512 1864 3570; x_wconf 79' lang='lat' dir='ltr'>cesserunt,</span> <span class='ocrx_word' id='word_1_304' title='bbox 1902 3516 2185 3577; x_wconf 80' lang='lat' dir='ltr'>nusquam</span> <span class='ocrx_word' id='word_1_305' title='bbox 2219 3500 2519 3579; x_wconf 80' lang='lat' dir='ltr'>pugnandi</span> <span class='ocrx_word' id='word_1_306' title='bbox 2547 3504 2787 3579; x_wconf 84' lang='lat' dir='ltr'>copiam</span> <span class='ocrx_word' id='word_1_307' title='bbox 2815 3506 3172 3569; x_wconf 79' lang='lat' dir='ltr'>adversariis</span> <span class='ocrx_word' id='word_1_308' title='bbox 3205 3505 3499 3566; x_wconf 77' lang='lat' dir='ltr'>facientes</span> <span class='ocrx_word' id='word_1_309' title='bbox 3518 3544 3539 3576; x_wconf 93' lang='lat'>,</span> <span class='ocrx_word' id='word_1_310' title='bbox 3557 3520 3664 3579; x_wconf 85' lang='lat' dir='ltr'>per</span> <span class='ocrx_word' id='word_1_311' title='bbox 3689 3515 3896 3563; x_wconf 60' lang='lat' dir='ltr'>*renas</span> <span class='ocrx_word' id='word_1_312' title='bbox 3922 3503 4082 3560; x_wconf 78' lang='lat' dir='ltr'>inter</span> <span class='ocrx_word' id='word_1_313' title='bbox 4101 3516 4262 3559; x_wconf 82' lang='lat' dir='ltr'>mare</span> <span class='ocrx_word' id='word_1_314' title='bbox 4293 3512 4354 3559; x_wconf 87' lang='lat' dir='ltr'>et</span> 
     </span>
     <span class='ocr_line' id='line_1_27' title="bbox 1502 3600 4358 3693; baseline 0.001 -31"><span class='ocrx_word' id='word_1_315' title='bbox 1502 3600 1753 3675; x_wconf 72' lang='lat' dir='ltr'>fluvium</span> <span class='ocrx_word' id='word_1_316' title='bbox 1792 3605 2263 3693; x_wconf 56' lang='lat' dir='ltr'>procedentibus</span> <span class='ocrx_word' id='word_1_317' title='bbox 2284 3647 2303 3678; x_wconf 92' lang='lat'>,</span> <span class='ocrx_word' id='word_1_318' title='bbox 2344 3608 2447 3667; x_wconf 72' lang='lat' dir='ltr'>aba·</span> <span class='ocrx_word' id='word_1_319' title='bbox 2486 3606 2666 3667; x_wconf 80' lang='lat' dir='ltr'>dulcis</span> <span class='ocrx_word' id='word_1_320' title='bbox 2693 3624 2850 3683; x_wconf 80' lang='lat' dir='ltr'>aqua</span> <span class='ocrx_word' id='word_1_321' title='bbox 2892 3612 3148 3685; x_wconf 83' lang='lat' dir='ltr'>reperiri</span> <span class='ocrx_word' id='word_1_322' title='bbox 3183 3624 3292 3689; x_wconf 62' lang='lat' dir='ltr'>tion</span> <span class='ocrx_word' id='word_1_323' title='bbox 3319 3617 3557 3685; x_wconf 78' lang='lat' dir='ltr'>poterat</span> <span class='ocrx_word' id='word_1_324' title='bbox 3591 3604 3676 3665; x_wconf 80' lang='lat' dir='ltr'>ad</span> <span class='ocrx_word' id='word_1_325' title='bbox 3697 3601 4035 3682; x_wconf 73' lang='lat' dir='ltr'>potandum.</span> <span class='ocrx_word' id='word_1_326' title='bbox 4112 3604 4358 3677; x_wconf 76' lang='lat' dir='ltr'>cumque</span> 
     </span>
     <span class='ocr_line' id='line_1_28' title="bbox 1514 3703 4361 3787; baseline 0.001 -24"><span class='ocrx_word' id='word_1_327' title='bbox 1514 3703 1839 3765; x_wconf 81' lang='lat' dir='ltr'>Christiani</span> <span class='ocrx_word' id='word_1_328' title='bbox 1884 3706 1967 3765; x_wconf 80' lang='lat' dir='ltr'>ad</span> <span class='ocrx_word' id='word_1_329' title='bbox 2004 3704 2284 3782; x_wconf 78' lang='lat' dir='ltr'>fossatum</span> <span class='ocrx_word' id='word_1_330' title='bbox 2320 3726 2509 3769; x_wconf 76' lang='lat' dir='ltr'>eorum</span> <span class='ocrx_word' id='word_1_331' title='bbox 2554 3710 2905 3771; x_wconf 71' lang='lat' dir='ltr'>devenissent</span> <span class='ocrx_word' id='word_1_332' title='bbox 2919 3751 2942 3783; x_wconf 87' lang='lat'>,</span> <span class='ocrx_word' id='word_1_333' title='bbox 2991 3711 3145 3787; x_wconf 81' lang='lat' dir='ltr'>quod</span> <span class='ocrx_word' id='word_1_334' title='bbox 3185 3716 3300 3787; x_wconf 81' lang='lat' dir='ltr'>ipsi</span> <span class='ocrx_word' id='word_1_335' title='bbox 3339 3712 3427 3773; x_wconf 83' lang='lat' dir='ltr'>ad</span> <span class='ocrx_word' id='word_1_336' title='bbox 3467 3707 3840 3771; x_wconf 74' lang='lat' dir='ltr'>emittendum</span> <span class='ocrx_word' id='word_1_337' title='bbox 3881 3707 4082 3781; x_wconf 75' lang='lat' dir='ltr'>galeas</span> <span class='ocrx_word' id='word_1_338' title='bbox 4120 3723 4249 3767; x_wconf 83' lang='lat' dir='ltr'>suas</span> <span class='ocrx_word' id='word_1_339' title='bbox 4271 3779 4278 3786; x_wconf 31' lang='grc' dir='ltr'>ι</span> <span class='ocrx_word' id='word_1_340' title='bbox 4297 3712 4361 3767; x_wconf 82' lang='lat' dir='ltr'>iss</span> 
     </span>
     <span class='ocr_line' id='line_1_29' title="bbox 1519 3804 4362 3887; baseline 0.001 -21"><span class='ocrx_word' id='word_1_341' title='bbox 1519 3824 1684 3867; x_wconf 82' lang='lat' dir='ltr'>mare</span> <span class='ocrx_word' id='word_1_342' title='bbox 1723 3804 2077 3880; x_wconf 66' lang='lat' dir='ltr'>effoderant3</span> <span class='ocrx_word' id='word_1_343' title='bbox 2116 3806 2217 3870; x_wconf 80' lang='lat' dir='ltr'>hoc</span> <span class='ocrx_word' id='word_1_344' title='bbox 2254 3814 2431 3871; x_wconf 74' lang='lat' dir='ltr'>etiam</span> <span class='ocrx_word' id='word_1_345' title='bbox 2452 3818 2801 3887; x_wconf 77' lang='lat' dir='ltr'>transgressi</span> <span class='ocrx_word' id='word_1_346' title='bbox 2831 3824 2987 3877; x_wconf 81' lang='lat' dir='ltr'>sunt.</span> <span class='ocrx_word' id='word_1_347' title='bbox 3058 3815 3144 3877; x_wconf 87' lang='lat' dir='ltr'>At</span> <span class='ocrx_word' id='word_1_348' title='bbox 3175 3830 3311 3875; x_wconf 90' lang='lat' dir='ltr'>cum</span> <span class='ocrx_word' id='word_1_349' title='bbox 3349 3813 3486 3874; x_wconf 82' lang='lat' dir='ltr'>finis</span> <span class='ocrx_word' id='word_1_350' title='bbox 3522 3812 3746 3875; x_wconf 86' lang='lat' dir='ltr'>laboris</span> <span class='ocrx_word' id='word_1_351' title='bbox 3764 3853 3784 3886; x_wconf 90' lang='lat'>,</span> <span class='ocrx_word' id='word_1_352' title='bbox 3817 3811 3942 3873; x_wconf 82' lang='lat' dir='ltr'>sine</span> <span class='ocrx_word' id='word_1_353' title='bbox 3971 3813 4100 3873; x_wconf 87' lang='lat' dir='ltr'>ullo</span> <span class='ocrx_word' id='word_1_354' title='bbox 4137 3813 4362 3871; x_wconf 85' lang='lat' dir='ltr'>emolu·</span> 
     </span>
     <span class='ocr_line' id='line_1_30' title="bbox 1524 3912 4367 3991; baseline -0.001 -14"><span class='ocrx_word' id='word_1_355' title='bbox 1524 3926 1733 3977; x_wconf 86' lang='lat' dir='ltr'>mento</span> <span class='ocrx_word' id='word_1_356' title='bbox 1783 3912 2045 3988; x_wconf 87' lang='lat' dir='ltr'>suscepti</span> <span class='ocrx_word' id='word_1_357' title='bbox 2070 3952 2091 3985; x_wconf 91' lang='lat'>,</span> <span class='ocrx_word' id='word_1_358' title='bbox 2136 3926 2425 3989; x_wconf 76' lang='lat' dir='ltr'>nusquam</span> <span class='ocrx_word' id='word_1_359' title='bbox 2466 3928 2830 3991; x_wconf 73' lang='lat' dir='ltr'>appareret,</span> <span class='ocrx_word' id='word_1_360' title='bbox 2866 3915 3297 3979; x_wconf 83' lang='lat' dir='ltr'>revertendum</span> <span class='ocrx_word' id='word_1_361' title='bbox 3339 3933 3478 3979; x_wconf 87' lang='lat' dir='ltr'>esse</span> <span class='ocrx_word' id='word_1_362' title='bbox 3524 3916 3948 3977; x_wconf 83' lang='lat' dir='ltr'>decreverunt.</span> <span class='ocrx_word' id='word_1_363' title='bbox 4027 3916 4180 3975; x_wconf 88' lang='lat' dir='ltr'>Tum</span> <span class='ocrx_word' id='word_1_364' title='bbox 4215 3926 4367 3975; x_wconf 90' lang='lat' dir='ltr'>vero</span> 
     </span>
     <span class='ocr_line' id='line_1_31' title="bbox 1528 4015 4368 4093; baseline -0.001 -12"><span class='ocrx_word' id='word_1_365' title='bbox 1528 4017 1787 4081; x_wconf 79' lang='lat' dir='ltr'>reditum</span> <span class='ocrx_word' id='word_1_366' title='bbox 1824 4016 2187 4081; x_wconf 80' lang='lat' dir='ltr'>tentantibus</span> <span class='ocrx_word' id='word_1_367' title='bbox 2216 4015 2423 4079; x_wconf 86' lang='lat' dir='ltr'>subito</span> <span class='ocrx_word' id='word_1_368' title='bbox 2454 4018 2817 4079; x_wconf 84' lang='lat' dir='ltr'>circumfusi</span> <span class='ocrx_word' id='word_1_369' title='bbox 2854 4020 3180 4091; x_wconf 83' lang='lat' dir='ltr'>Saraceni,</span> <span class='ocrx_word' id='word_1_370' title='bbox 3217 4021 3514 4093; x_wconf 80' lang='lat' dir='ltr'>ingentem</span> <span class='ocrx_word' id='word_1_371' title='bbox 3553 4032 3808 4092; x_wconf 81' lang='lat' dir='ltr'>stragem</span> <span class='ocrx_word' id='word_1_372' title='bbox 3845 4016 4212 4091; x_wconf 86' lang='lat' dir='ltr'>intulerunt,</span> <span class='ocrx_word' id='word_1_373' title='bbox 4251 4034 4368 4093; x_wconf 84' lang='lat' dir='ltr'>qua</span> 
     </span>
     <span class='ocr_line' id='line_1_32' title="bbox 1536 4118 4364 4199; baseline -0 -20"><span class='ocrx_word' id='word_1_374' title='bbox 1536 4122 1785 4184; x_wconf 86' lang='lat' dir='ltr'>ducenti</span> <span class='ocrx_word' id='word_1_375' title='bbox 1813 4123 2141 4199; x_wconf 84' lang='lat' dir='ltr'>Templarii</span> <span class='ocrx_word' id='word_1_376' title='bbox 2185 4135 2244 4182; x_wconf 92' lang='lat' dir='ltr'>et</span> <span class='ocrx_word' id='word_1_377' title='bbox 2280 4118 2707 4197; x_wconf 80' lang='lat' dir='ltr'>Hospitalarii,</span> <span class='ocrx_word' id='word_1_378' title='bbox 2749 4122 2974 4195; x_wconf 80' lang='lat' dir='ltr'>aliique</span> <span class='ocrx_word' id='word_1_379' title='bbox 3003 4120 3308 4198; x_wconf 78' lang='lat' dir='ltr'>peregrini</span> <span class='ocrx_word' id='word_1_380' title='bbox 3341 4119 3691 4181; x_wconf 86' lang='lat' dir='ltr'>nobilissimi</span> <span class='ocrx_word' id='word_1_381' title='bbox 3708 4120 3744 4192; x_wconf 85' lang='grc'>,“</span> <span class='ocrx_word' id='word_1_382' title='bbox 3770 4118 3966 4197; x_wconf 85' lang='lat' dir='ltr'>plebis</span> <span class='ocrx_word' id='word_1_383' title='bbox 3995 4135 4150 4181; x_wconf 86' lang='lat' dir='ltr'>vero</span> <span class='ocrx_word' id='word_1_384' title='bbox 4180 4122 4364 4180; x_wconf 89' lang='lat' dir='ltr'>circi-</span> 
     </span>
     <span class='ocr_line' id='line_1_33' title="bbox 1544 4220 4374 4307; baseline 0.001 -29"><span class='ocrx_word' id='word_1_385' title='bbox 1544 4234 1638 4278; x_wconf 88' lang='lat' dir='ltr'>ter</span> <span class='ocrx_word' id='word_1_386' title='bbox 1684 4223 1807 4283; x_wconf 88' lang='lat' dir='ltr'>duo</span> <span class='ocrx_word' id='word_1_387' title='bbox 1852 4228 2029 4287; x_wconf 84' lang='lat' dir='ltr'>millia</span> <span class='ocrx_word' id='word_1_388' title='bbox 2069 4225 2277 4285; x_wconf 80' lang='lat' dir='ltr'>amissa</span> <span class='ocrx_word' id='word_1_389' title='bbox 2314 4236 2473 4287; x_wconf 81' lang='lat' dir='ltr'>sunt.</span> <span class='ocrx_word' id='word_1_390' title='bbox 2566 4224 2694 4307; x_wconf 83' lang='lat' dir='ltr'>Jam</span> <span class='ocrx_word' id='word_1_391' title='bbox 2736 4236 2814 4286; x_wconf 82' lang='lat' dir='ltr'>ex</span> <span class='ocrx_word' id='word_1_392' title='bbox 2857 4226 3140 4286; x_wconf 76' lang='lat' dir='ltr'>universa</span> <span class='ocrx_word' id='word_1_393' title='bbox 3170 4224 3278 4285; x_wconf 88' lang='lat' dir='ltr'>ista</span> <span class='ocrx_word' id='word_1_394' title='bbox 3320 4222 3410 4285; x_wconf 89' lang='lat' dir='ltr'>rei</span> <span class='ocrx_word' id='word_1_395' title='bbox 3453 4220 3655 4298; x_wconf 82' lang='lat' dir='ltr'>gestae</span> <span class='ocrx_word' id='word_1_396' title='bbox 3699 4224 4088 4301; x_wconf 86' lang='lat' dir='ltr'>expositione</span> <span class='ocrx_word' id='word_1_397' title='bbox 4128 4225 4374 4293; x_wconf 89' lang='lat' dir='ltr'>elucet,</span> 
     </span>
     <span class='ocr_line' id='line_1_34' title="bbox 1540 4322 4374 4408; baseline -0.002 -19"><span class='ocrx_word' id='word_1_398' title='bbox 1540 4324 1907 4389; x_wconf 81' lang='lat' dir='ltr'>Christianos</span> <span class='ocrx_word' id='word_1_399' title='bbox 1945 4342 2159 4393; x_wconf 85' lang='lat' dir='ltr'>versus</span> <span class='ocrx_word' id='word_1_400' title='bbox 2190 4329 2569 4395; x_wconf 84' lang='lat' dir='ltr'>occidentem</span> <span class='ocrx_word' id='word_1_401' title='bbox 2593 4346 2726 4395; x_wconf 90' lang='lat' dir='ltr'>esse</span> <span class='ocrx_word' id='word_1_402' title='bbox 2748 4330 3061 4408; x_wconf 85' lang='lat' dir='ltr'>profectos</span> <span class='ocrx_word' id='word_1_403' title='bbox 3095 4340 3209 4405; x_wconf 87' lang='lat' dir='ltr'>per</span> <span class='ocrx_word' id='word_1_404' title='bbox 3246 4328 3382 4392; x_wconf 83' lang='lat' dir='ltr'>loca</span> <span class='ocrx_word' id='word_1_405' title='bbox 3418 4325 3572 4390; x_wconf 78' lang='lat' dir='ltr'>haud</span> <span class='ocrx_word' id='word_1_406' title='bbox 3603 4328 3850 4391; x_wconf 85' lang='lat' dir='ltr'>multum</span> <span class='ocrx_word' id='word_1_407' title='bbox 3881 4342 3911 4387; x_wconf 88' lang='lat' dir='ltr'>a</span> <span class='ocrx_word' id='word_1_408' title='bbox 3943 4328 4090 4389; x_wconf 80' lang='lat' dir='ltr'>mari</span> <span class='ocrx_word' id='word_1_409' title='bbox 4121 4322 4374 4397; x_wconf 79' lang='lat' dir='ltr'>remota,</span> 
     </span>
    </p>
   </div>
   <div class='ocr_carea' id='block_1_2' title="bbox 2964 4440 4381 4519">
    <p class='ocr_par' dir='ltr' id='par_1_3' title="bbox 2964 4440 4381 4519">
     <span class='ocr_line' id='line_1_35' title="bbox 2964 4440 4381 4519; baseline 0 -28"><span class='ocrx_word' id='word_1_410' title='bbox 2964 4484 3000 4519; x_wconf 50' lang='lat' dir='ltr'>h</span> <span class='ocrx_word' id='word_1_411' title='bbox 4317 4440 4381 4491; x_wconf 65' lang='lat' dir='ltr'>et</span> 
     </span>
    </p>
   </div>
   <div class='ocr_carea' id='block_1_3' title="bbox 5239 680 5242 1332">
    <p class='ocr_par' dir='ltr' id='par_1_4' title="bbox 5239 680 5242 1332">
     <span class='ocr_line' id='line_1_36' title="bbox 5239 680 5242 1332; baseline 0 0"><span class='ocrx_word' id='word_1_412' title='bbox 5239 680 5242 1332; x_wconf 95' lang='lat' dir='ltr'> </span> 
     </span>
    </p>
   </div>
  </div>
 </body>
</html>
