5242 6192
2720 731 3121 833 (222)

1521 933 1910 1009 Veziramm
1951 951 2227 1028 gerente
2265 928 2326 1005 al
2373 928 2571 1004 Salah
2607 929 2935 1024 Talayeh·
2956 933 3075 1005 ibn
3124 928 3397 1005 Rozzik
3418 982 3443 1021 ,
3493 928 3933 1018 Dimyatham
3976 932 4339 1007 obsidione

1521 1063 1883 1133 cinxerunt
1921 1063 2264 1157 sexaginta
2295 1060 2568 1133 circiter
2602 1082 2807 1133 naves
2839 1080 3075 1161 menses
3101 1057 3477 1154 Djomadio
3508 1062 3891 1155 posteriore
3930 1062 4025 1129 A.
4062 1058 4153 1131 H.
4190 1081 4333 1153 550

1527 1184 1744 1279 (Chr.
1788 1204 1970 1277 1155
2005 1188 2230 1281 -—·6).
2325 1184 2636 1258 Classem
2691 1185 2878 1258 illam
2920 1189 3192 1259 miserat
3228 1184 3507 1261 Louhin
3562 1186 3718 1283 (vel
3764 1186 4103 1283 Loudjiz)
4156 1185 4341 1261 filius

1525 1312 1760 1409 Rodja
1789 1312 1899 1407 (i.
1941 1335 2005 1385 e.
2041 1313 2462 1387 Guilielmas
2483 1311 3050 1413 Rogeriifilius)
3092 1312 3365 1387 Siciliae
3396 1314 3735 1399 dominuS.
3770 1378 3775 1387 .
3820 1314 4073 1387 Hostes
4114 1317 4343 1385 omnia

1527 1442 1860 1517 caedibus
1898 1460 1971 1513 et
2021 1443 2270 1534 rapinis
2314 1439 2682 1535 implentes
2720 1436 3099 1513 Tenuisum
3145 1444 3388 1525 etiam,
3457 1439 3882 1515 Raschidum
3926 1460 4001 1511 et
4042 1440 4341 1515 Alexan·

1524 1569 1736 1639 driam
1777 1570 2202 1653 invaserunt,
2242 1588 2694 1663 magnamque
2728 1568 2811 1637 iis
2844 1569 2911 1639 in
2942 1568 3120 1643 locis
3160 1590 3457 1665 stragem
3498 1569 3875 1641 ediderunt.
3950 1568 4133 1643 Mox
4158 1566 4353 1641 Kha-

1523 1693 1790 1780 lifatum
1819 1694 2106 1788 adeptus
2147 1710 2266 1767 est
2283 1695 2544 1769 Adhed
2583 1694 2768 1769 lcdin
2804 1694 3006 1783 illah,
3056 1714 3201 1791 quo
3246 1698 3618 1790 imperante
3644 1746 3665 1783 ‚
3700 1697 4177 1768 etVeziratum
4208 1696 4349 1787 jam

1528 1821 1736 1898 altera
1777 1824 1930 1893 vice
1967 1842 2261 1917 gerente
2301 1822 2667 1905 Schave'ro
2696 1823 2815 1899 ibn
2870 1822 3155 1920 Modjer
3192 1824 3495 1914 Saiidita,
3548 1824 3711 1900 dum
3750 1822 3934 1895 Mari
3974 1822 4355 1917 (Amalri-

1531 1946 1747 2046 chus)
1783 1948 2206 2021 Francorum
2242 1948 2401 2021 Rex
2439 1952 2526 2026 ad
2562 1952 2885 2027 Kahiram
2924 1950 3295 2023 accedebat
3323 2001 3349 2036 ‚
3398 1970 3471 2021 et
3510 1953 3755 2021 urbem
3794 1949 4151 2033 obsidione
4195 1970 4353 2042 pre·

1533 2098 1724 2147 mens
1757 2076 2088 2148 tributum
2131 2075 2402 2150 civibus
2450 2076 2867 2167 imperabat,
2918 2076 3511 2172 conflagrabatque
3564 2077 3818 2145 interea
3858 2076 4021 2147 urbs
4066 2073 4361 2150 Fostha-

1538 2204 1740 2291 thaet,
1792 2204 1878 2277 ab
1923 2202 2132 2274 altera
2167 2221 2359 2295 parte
2395 2222 2554 2275 cum
2609 2204 2856 2299 viginti
2892 2203 3180 2275 navibus
3215 2201 3441 2299 longis
3468 2188 4119 2296 'praefectus‘classi‘
4148 2201 4361 2275 Fran·

1533 2350 1777 2405 corum
1801 2328 2000 2425 (ια)
2049 2328 2418 2401 Tenuisum
2440 2379 2465 2417 ,
2503 2329 2935 2405 Aschmoum
2969 2349 3039 2401 et
3059 2330 3428 2421 Moniyyat
3450 2330 3719 2402 Amrou
3758 2349 4113 2425 aggressus
4132 2330 4359 2419 ,alios

1541 2456 2057 2529 Moslemorum
2089 2456 2401 2541 occidit,
2449 2454 2631 2527 alios·
2658 2458 2729 2533 in
2750 2442 3233 2551 captivitatem
3275 2475 3346 2535 et
3388 2455 3667 2528 vincula
3708 2454 4032 2548 abripuit.
4134 2420 4149 2445 ι

1547 2634 1560 2647 .
1642 2581 1852 2655 Haud
1909 2583 2002 2651 ita
2053 2579 2276 2652 multo
2327 2600 2528 2674 post,
2574 2602 2723 2674 quo
2776 2598 3089 2674 tempore
3142 2578 3209 2650 al
3268 2578 3512 2651 Malek
3570 2578 3637 2651 al
3670 2578 3909 2653 'Naser
3956 2579 4369 2655 Salahoddln

1547 2709 1620 2786 -Y
1625 2708 1834 2789 ousef
1873 2708 1996 2779 ibn
2049 2707 2312 2795 Ayoub
2339 2706 2605 2779 ·-Veziri
2666 2706 2903 2781 locum
2942 2706 3135 2801 ‘apud
3198 2699 3566 2779 Adhedum
3628 2704 3975 2811 ledinillah
4044 2704 4371 2802 (Khati-

1541 2834 1702 2933 sam
1741 2832 2240 2909 Fathemidam
2261 2832 2306 2925 )
2358 2834 2669 2924 tenebat,
2721 2833 2766 2929 (
2792 2857 2817 2907 ι
2834 2833 2937 2930 3‘)
2990 2832 3239 2907 Franci
3280 2828 3367 2907 ad
3412 2830 3855 2925 Dimyathafn
3894 2852 4371 2921 accesserunt,

1555 2982 1786 3037 mense
1837 2960 2326 3051 Rabia-priore
2372 2962 2470 3037 A.
2501 2962 2647 3055 565
2698 2959 2918 3055 (Chr.
2964 2963 3379 3057 1169—70
3403 2958 3469 3053 ).
3568 2959 3801 3033 Naves
3836 2960 4138 3043 hostium
4182 2977 4372 3031 erant

1554 3088 1734 3163 ultra
1763 3086 1951 3163 mille
1993 3106 2066 3157 et
2105 3086 2450 3161 ducentas.
2552 3080 3277 3185 Quapropter‘copiae
3312 3080 3803 3181 (Aegyptiae)
3852 3086 4107 3165 Kahira
4143 3106 4371 3182 egres·

1553 3236 1672 3289 sac
1729 3232 1962 3299 sunt,·
1995 3214 2064 3281 in
2120 3234 2286 3305 quas
2333 3214 2490 3306 plus
2539 3234 2746 3307 quam
2798 3216 3168 3310 quingenta
3222 3233 3294 3284 et
3334 3214 3825 3307 quinquaginta
3870 3210 4087 3285 millia
4124 3232 4371 3283 aureo·

1545 3363 1710 3421 ,rum
1751 3359 2037 3439 erogata·
2059 3338 2348 3412 fuerant.
2449 3337 2747 3411 Duravit
2785 3339 3048 3411 bellum
3073 3338 3317 3426 istud,
3371 3339 3797 3433 gravioribus
3838 3339 4375 3435 trIstissimisque

1559 3467 1872 3561 fortunae
1895 3466 2198 3542 ‘casibus
2251 3465 2823 3571 annumerandum
2848 3516 2871 3551 ‚
2938 3464 3084 3537 dies
3138 3482 3433 3558 quatuor
3487 3484 3557 3533 et
3603 3464 4119 3558 quinquaginta.
4214 3460 4377 3537 Nec

1553 3591 1848 3671 ,deerant
1889 3594 2142 3664 interea
2175 3594 2612 3684 optimatium
2658 3590 3173 3687 Aegyptiorum
3218 3587 3656 3683 complures,
3706 3593 3829 3685 qui
3873 3588 4155 3680 Francis
4186 3592 4379 3663 auxi-

1551 3718 1716 3795 nari
1757 3718 2222 3794 etaliterarum
2261 3717 2755 3792 commercium
2801 3736 2963 3791 cum
3006 3716 3143 3789 illis
3185 3715 3435 3788 habere
3488 3732 3945 3811 putarentur,
3982 3739 4163 3811 quos
4210 3738 4379 3814 ergo

1561 3845 1630 3917 al
1698 3842 1942 3917 Malek
1996 3842 2060 3915 al
2125 3840 2347 3917 Naser
2417 3842 2957 3945 comprehensos
3022 3843 3107 3914 de
3162 3843 3393 3918 medio
3482 3842 3779 3917 sustulit.
3902 3843 4097 3916 Illius
4154 3863 4383 3915 autem

1565 3970 1966 4043 calamitatis
2033 3990 2269 4043 caussa
2319 3970 2489 4069 haec
2561 3967 2717 4043 fuit.
2834 3968 3023 4045 Cum
3072 3966 3291 4064 (14)
3364 3968 3595 4044 Gozzi
3654 3990 3788 4043 una
3854 3988 4015 4043 cum
4074 3964 4387 4045 Asadod-

1569 4096 1736 4169 dino
1794 4096 2235 4170 Schirkouho
2289 4116 2378 4171 ex
2429 4094 2626 4188 Syria
2686 4096 2759 4166 in
2828 4095 3232 4190 Aegyptum
3300 4098 3759 4181 transiissent,
3828 4094 4077 4169 Franci
4138 4096 4225 4169 ad
4278 4113 4387 4169 re-

1561 4225 1850 4320 gionem
1901 4223 2320 4320 Aegyptiam
2382 4220 2823 4297 invadendam
2887 4223 3201 4297 conversi
3258 4242 3415 4297 sunt
3452 4270 3479 4315 ,
3550 4242 3623 4302 et
3680 4244 3767 4297 ne
3816 4223 3930 4297 isti
3985 4224 4385 4320 Aegyptum

4266 4366 4392 4419 oc·
