5242 6192
2227 862 2619 966 (23)

921 1139 928 1146 ,
1003 1081 1430 1158 occuparent
1489 1073 1920 1150 metuentes,
1980 1085 2018 1134 a
2081 1018 2447 1138 tribulibus
2523 1070 2663 1139 suis
2732 1063 3032 1139 Siciliam
3101 1063 3541 1140 tenentibus
3571 1061 3819 1140 auxilia

1007 1209 1242 1284 petere
1297 1209 1712 1284 coeperunt,
1764 1213 1802 1261 a
1850 1191 2102 1285 quibus
2139 1195 2338 1264 etiam
2393 1213 2564 1287 opes
2610 1214 2681 1264 et
2728 1216 2912 1265 arma
2958 1196 3239 1290 egregio
3282 1215 3441 1268 eum
3486 1193 3653 1264 belli
3703 1217 3826 1289 ap·

1007 1338 1246 1442 paratu
1289 1320 1488 1388 missa
1535 1338 1712 1390 sunt.
1813 1317 2002 1424 Dein
2057 1299 2305 1391 Franci
2354 1343 2513 1392 cum
2569 1319 2899 1428 musculis
2948 1305 3418 1414 machinisque
3456 1321 3817 1414 profecti,

1005 1459 1231 1538 eoque
1281 1445 1564 1516 navium
1597 1447 1883 1517 numero
1929 1467 2136 1541 quem
2191 1421 2529 1535 diximuS,
2581 1417 2777 1542 apud
2806 1447 3253 1544 Dimyatham
3305 1468 3519 1520 castra
3572 1470 3837 1544 posue--

1007 1591 1202 1658 runt,
1254 1593 1482 1642 mense
1501 1572 1811 1688 wSafaro
1862 1596 2146 1668 eamque
2181 1573 2261 1669 (ι
2283 1573 2372 1680 5)
2424 1595 2494 1646 et
2537 1595 2709 1646 ter-ra
2746 1594 2816 1645 et
2857 1597 2896 1645 a
2934 1576 3141 1684 latere
3178 1575 3476 1647 ‘fluminis
3517 1577 3825 1648 obsidio·

1006 1719 1090 1768 ne
1136 1701 1514 1770 cinxerunt.
1616 1681 2088 1809 Quamobrem
2135 1700 2454 1772 Sultanus
2505 1701 2999 1774 Salahod'dinus
3051 1701 3242 1797 (16)
3294 1701 3823 1792 Takyoddinum

1004 1821 1351 1898 Quarum·-
1395 1848 1480 1898 cx
1535 1826 1744 1898 fratre
1797 1847 2122 1921 nepotem
2184 1826 2629 1918 Dimyatham
2682 1828 3033 1922 proficisci
3085 1829 3326 1923 jussit,
3393 1831 3599 1923 eique
3663 1852 3859 1900 cum-

1005 1956 1308 2024 exercitu
1349 1953 1664 2024 submisit
1707 1953 2022 2026 Emirum
2057 1951 2807 2060 Schehaboddinumal
2850 1955 3355 2043 Kharemium,
3388 1954 3544 2048 (vel
3580 1955 3643 2027 al
3688 1953 3831 2027 Ha·

998 2077 1343 2171 zemium)
1383 2053 1586 2172 atque
1618 2081 1858 2152 ambos
1895 2086 2190 2176 pecunia
2217 2133 2240 2169 ,
2281 2103 2669 2154 commeatu
2716 2085 3053 2179 armisque
3098 2085 3456 2157 instruxit..
3541 2083 3825 2155 Interim

1001 2203 1448 2296 Dimyatheni
1495 2209 1562 2276 in
1601 2229 1874 2300 magnas
1925 2213 2264 2307 angustias
2308 2210 2823 2307 redigebantur,
2873 2213 3133 2305 quippe
3180 2183 3432 2304 quibus
3478 2231 3565 2281 ne
3603 2201 3840 2282 noctu*

997 2331 1276 2425 quidem
1311 2354 1351 2400 a
1408 2329 1596 2403 bello
1636 2331 1976 2408 Francico
2044 2339 2238 2431 quies
2289 2357 2452 2408 erat.
2551 2335 2737 2408 Hinc
2796 2335 3291 2410 Salahoddinus
3340 2340 3525 2408 misit
3550 2339 3747 2431 ,-‘qui
3782 2359 3822 2406 a

993 2457 1460 2531 Nouroddino
1487 2457 1914 2533 Mahmoude
1946 2464 2064 2536 ibn
2106 2463 2371 2551 Zenki,
2411 2463 2641 2554 Syriae
2684 2483 2891 2558 rege,
2929 2463 3177 2534 auxilia
3213 2482 3562 2555 peterent,
3612 2465 3815 2556 cique

997 2585 1487 2682 significarent,
1543 2559 1616 2690 se
1675 2586 1954 2682 quidem
2015 2589 2266 2662 Kahira
2317 2592 2558 2688 egredi
2599 2611 2670 2663 et
2724 2613 2883 2664 cum
2936 2587 3219 2662 Francis
3263 2589 3631 2685 confligere
3678 2611 3821 2660 non

993 2734 1197 2805 posse
1225 2762 1248 2799 ‚
1297 2733 1383 2782 ne
1431 2712 1612 2802 forte
1663 2713 2072 2788 Kahirenses
2121 2720 2190 2790 in
2251 2719 2598 2790 absentem
2653 2737 2761 2788 res
2824 2737 3035 2788 novas
3090 2715 3530 2790 molirentur.-
3636 2715 3815 2813 Qui-

993 2837 1124 2906 bus
1182 2837 1436 2908 auditis-
1480 2839 1642 2912 alias
1696 2844 1934 2936 copias
1989 2864 2152 2936 post
2193 2845 2356 2916 alias
2411 2845 2545 2938 i‘psi
2609 2845 2795 2915 misit
2846 2842 3396 2944 NouroddinUS,
3452 2843 3611 2914 du'm
3668 2845 3815 2934 ipse

945 2959 1341 3036 .Damasco
1391 2985 1698 3060 egressus
1727 2993 1736 3002 ·
1763 2966 2184 3041 Francorum
2251 2969 2514 3060 Syriam
2573 2969 2913 3042 litor-alem
2982 2970 3435 3042 obtinentium
3486 2969 3828 3040 ditionem·

989 3083 1341 3160 invaderet
1385 3109 1454 3161 et
1508 3092 1836 3188 diriperet
1881 3095 1924 3189 (
1957 3095 2124 3192 ιγ).
2230 3095 2448 3194 Quod
2493 3119 2653 3172 cum
2702 3097 2786 3169 ad
2844 3097 3147 3196 Francos
3185 3095 3627 3188 Dimyatham
3690 3096 3817 3166 ob-

993 3215 1285 3286 sidentes
1319 3195 1595 3288 allatum
1643 3241 1860 3308 esset,
1913 3223 2028 3310 hi,
2071 3244 2444 3294 metuentes
2480 3247 2570 3298 ne
2610 3226 3004 3319 provinciae
3053 3246 3208 3296 suae
3260 3247 3300 3296 a
3346 3222 3828 3297 Nouroddin0³

993 3357 1509 3450 qscuparentur·
1549 3344 1814 3441 (18),
1867 3347 1974 3418 die
2017 3351 2354 3445 vigesimo
2395 3354 2645 3446 quinto
2684 3349 2948 3430 Rabiae
2993 3353 3245 3446 prioris
3288 3349 3663 3452 Dimyatha
3701 3369 3823 3418 re·-

990 3466 1153 3540 licta
1187 3490 1400 3541 castra
1441 3491 1842 3561 moverunt,
1897 3474 2262 3548 submersis
2307 3477 2594 3550 navibus
2640 3479 2923 3550 circiter
2951 3479 3319 3574 trecentiS,
3358 3475 3811 3571 plurimisque

991 3595 1325 3667 militibus
1389 3617 1631 3688 peste,
1684 3622 1860 3694 quae
1917 3604 2414 3688 inexercitum
2481 3605 2948 3698 grassabatur,
3000 3604 3307 3690 amissis,
3379 3605 3825 3696 incensisque·

995 3721 1324 3794 machinis
1375 3723 1659 3816 aliisque
1709 3727 2257 3819 impedimentis,
2310 3749 2483 3824 quae
2537 3729 2869 3823 asportari
2926 3751 3065 3802 non
3120 3749 3458 3824 poterant.
3560 3727 3829 3802 Caere·-

989 3867 1139 3918 rum
1182 3847 1694 3921 Salahoddinus-
1726 3828 1956 3923 dicere·
1991 3854 2258 3926 solebat
2296 3877 2366 3926 se
2410 3879 2783 3952 numquam
2836 3858 3086 3932 vidisse
3130 3879 3542 3952 quemquam
3572 3855 3825 3927 Adire--

989 3973 1080 4045 do
1114 3959 1572 4046 liberaliorem
1600 4027 1623 4062 ‚
1667 3979 1928 4072 quippe
1967 3979 2452 4075 qui,.Francis·
2488 3983 2931 4076 Dimyatham
2966 3983 3441 4082 obsidentibus
3463 4032 3503 4070 ,-
3538 3999 3827 4073 praeter‘

990 4116 1210 4172 *estes
1239 4119 1310 4172 et
1349 4101 1521 4190 alia,
1573 4103 1799 4174 decies
1837 4125 2122 4178 centena
2167 4108 2382 4180 millia
2430 4133 2791 4187 aureorum
2828 4111 2997 4207 ipsi
2986 4107 3479 4179 submisisset

995 4219 1000 4226 ’
1087 4230 1298 4299 Anno
1327 4247 1480 4322 577
1521 4227 1980 4319 (Clu-:1181
2002 4233 2210 4330 ‘'2)
2261 4234 2478 4328 (19)
2529 4237 2781 4307 milites
2826 4234 3169 4310 collocati·
3208 4233 3483 4306 fuerunt
3524 4233 3591 4304 in
3636 4232 3819 4304 duaa·

995 4344 1128 4425 b‘us
1175 4349 1494 4426 tun-,ibus
1505 4329 2070 4452 (Dimyatha)
2109 4378 2196 4431 ct
2221 4354 2512 4456 alligata
2533 4382 2703 4434 sunt
2725 4363 2989 4459 navigia
3023 4357 3123 4435 ad
3148 4371 3499 4450 catenam,
3549 4378 3625 4432 ut
3662 4357 3815 4427 illis

1166 4469 1181 4496 ⁵
3688 4479 3815 4556 in»
