5242 6192
2190 744 2587 847 (87)

960 946 1423 1025 comprehensos
1448 942 1670 1015 fuisse,
1692 954 1873 1019 atque
1904 938 2405 1017 ade0,quidquid
2434 938 2509 1001 de
2534 940 2742 1001 Frisiis
2775 941 2833 1001 in
2860 941 3020 1003 illius
3039 942 3189 1003 belli
3209 939 3469 1003 Historia
3493 946 3792 1020 refertur,

962 1052 1025 1113 id
1064 1053 1259 1127 aliqua
1296 1066 1375 1111 ex
1402 1064 1568 1126 parte
1600 1048 1678 1109 de
1716 1048 2020 1111 Hollaudis
2060 1047 2233 1107 etiam
2272 1044 2726 1119 intelligendum
2759 1060 2890 1106 esse
2923 1062 3226 1123 putemus,
3301 1047 3426 1127 Jam
3469 1051 3518 1108 si
3561 1052 3801 1123 siugula-

958 1172 1303 1219 scrutemur
1336 1171 1489 1230 quae
1528 1156 1737 1215 Cruce
1770 1154 1983 1226 signati
2022 1152 2225 1211 Frisiis
2248 1192 2269 1224 ‚
2306 1169 2443 1213 cum
2480 1152 2716 1227 ingenti.
2755 1154 2942 1213 classe
2977 1148 3396 1227 (Godefridus
3428 1156 3586 1214 enim
3618 1155 3796 1219 Mon.

961 1264 1148 1339 p.385
1170 1260 1475 1334 octogiuta
1498 1274 1671 1319 naves
1690 1258 2019 1317 Frisiorum
2042 1255 2363 1333 memorat)
2382 1253 2455 1314 ad
2472 1256 2992 1334 bellisocietatem
3011 1258 3388 1318 venientibus
3407 1300 3426 1329 ,
3445 1255 3808 1332 debuerint,

962 1368 1141 1428 multa
1171 1364 1455 1439 profecto
1482 1360 1655 1423 laude
1693 1358 2035 1436 dignissima
2072 1362 2473 1437 reperiemus.
2546 1345 2703 1422 Cum
2734 1362 2888 1421 enim
2903 1361 3230 1429 Christiani
3263 1364 3324 1422 in
3357 1375 3575 1423 terram
3607 1368 3830 1441 Aegy0'

956 1473 1139 1544 priam
1169 1469 1519 1529 exscensuri
1550 1478 1793 1537 essent,
1812 1465 1991 1525 unius
2010 1464 2247 1541 juvenis
2262 1465 2509 1527 Frisiaci
2528 1508 2548 1538 ,
2575 1466 2928 1527 saracenum
2957 1467 3226 1539 equitem
3253 1467 3404 1527 nihil
3435 1469 3550 1527 tale
3587 1470 3801 1529 timen-

964 1587 1081 1633 tem
1117 1575 1359 1649 spiculo
1395 1588 1475 1632 ex
1502 1586 1666 1645 equo
1692 1569 2059 1631 deturbantis
2082 1610 2101 1639 ,
2145 1571 2369 1629 virtute
2403 1585 2463 1631 et
2499 1568 2858 1631 dexteritate
2895 1570 3114 1631 factum
3153 1586 3288 1639 est,
3331 1584 3401 1630 ut
3431 1548 3664 1643 nostri,
3701 1587 3807 1633 ne·

960 1678 1123 1737 mine
1155 1679 1413 1750 amisso,
1450 1676 1845 1747 hostibusque
1882 1674 1941 1731 in
1980 1673 2176 1746 fugam
2212 1675 2449 1744 versis,
2488 1688 2684 1734 castra
2716 1689 2940 1755 ponere
2971 1688 3222 1750 possent
3261 1669 3609 1751 (oliverius
3653 1678 3814 1750 C.7.-

961 1798 1025 1856 p.
1049 1778 1257 1856 1402).
1314 1780 1471 1841 Mox
1498 1779 1677 1838 Frisii
1714 1776 2226 1839 commilitonibus
2258 1779 2383 1837 suis
2403 1774 2553 1837 Nilo
2577 1778 2858 1839 audacter
2885 1778 3225 1839 transeundi
3251 1779 3616 1856 hostilisque
3645 1781 3808 1856 ripae

962 1881 1403 1959 aggrediendae
1443 1886 1785 1959 exemplum
1821 1877 2143 1945 dederunt.
2222 1882 2359 1951 Nec
2402 1883 2593 1943 minor
2639 1898 2849 1943 eorum
2893 1899 3084 1960 opera
3111 1885 3172 1949 in
3216 1884 3616 1961 expugnanda·
3653 1886 3808 1945 turri

959 1989 1237 2049 Nilotica
1271 1988 1412 2050 fuit.
1490 1988 1641 2047 Nam
1678 1998 1921 2061 praeter
1952 1984 2319 2058 machinam,
2354 2002 2469 2063 qua
2504 1990 2696 2048 turris
2725 2002 2896 2063 capta
2935 2002 3060 2058 est,
3099 2004 3234 2049 cum
3260 1987 3624 2049 Teutonicis
3661 2005 3808 2049 con-

958 2093 1155 2167 iuncti
1198 2106 1409 2151 navem
1440 2091 1905 2167 propugnaculis
1944 2090 2221 2151 munitam
2274 2103 2338 2149 et
2372 2092 2692 2151 balistariis
2735 2094 2890 2153 intus
2929 2094 3144 2153 locatis
3193 2094 3468 2168 plenam,
3508 2094 3568 2149 in
3603 2106 3806 2149 arcem

960 2212 1341 2271 pontemque
1373 2196 1639 2253 vicinum
1680 2193 2055 2253 immiserunt
2078 2236 2103 2265 ,
2142 2195 2621 2271 christianisque
2671 2197 2944 2257 cominus
3002 2200 3062 2258 in
3110 2198 3288 2257 turris
3323 2200 3812 2272 propugnatores

962 2300 1419 2374 ingruentibus,
1458 2300 1700 2375 juvenis
1734 2294 1971 2373 quidam
1995 2299 2264 2369 F-risius,
2304 2295 2521 2375 (quem
2556 2300 2850 2373 Hajonem
2870 2302 3289 2375 Fevelingium
3325 2300 3584 2376 appellat
3627 2299 3808 2357 Ubbo

964 2406 1233 2466 Emmius
1276 2406 1416 2467 Lib.
1448 2403 1619 2465 vul.
1676 2418 1747 2478 p·
1774 2418 1855 2464 m·-
1906 2398 2057 2477 124)
2117 2400 2393 2477 flagello,
2447 2418 2571 2477 quo
2627 2420 2868 2477 granum
2915 2407 3124 2465 excuti
3168 2407 3364 2475 solet,
3421 2400 3530 2463 se'd
3579 2403 3810 2462 catenis·

962 2524 1288 2584 connexo,
1325 2510 1531 2569 hostes
1572 2523 1609 2566 a·
1642 2505 1859 2566 dextra
1890 2518 1958 2567 et
1999 2506 2231 2565 sinistra
2266 2494 2537 2577 feriens,
2570 2508 2930 2579 signiferum
2969 2508 3195 2569 Sultaui
3231 2508 3558 2583 prostravit
3582 2548 3602 2578 ,
3653 2509 3805 2565 abla-

964 2624 1153 2688 toque
1214 2614 1443 2677 vexillo
1500 2614 1733 2689 primus
1798 2612 2091 2671 victoriae
2154 2624 2368 2672 auctor
2444 2609 2585 2672 fult.
2683 2608 2912 2686 (oliv.
2961 2612 3042 2676 C.
3085 2615 3118 2674 8
3170 2631 3262 2688 sq.
3319 2633 3384 2690 p.
3425 2625 3576 2687 1403-
3611 2606 3795 2687 sqq.)

960 2718 1099 2777 Nec
1146 2718 1341 2777 minus
1388 2731 1503 2793 per
1546 2716 1850 2790 reliquum
1887 2715 2035 2775 belli
2086 2728 2323 2792 tempus
2375 2712 2566 2776 virtus
2625 2730 2688 2776 et
2741 2716 3060 2787 liberalitas
3114 2716 3450 2777 Frisiorum
3499 2717 3756 2775 eminuit
3774 2754 3810 2789 ,-

963 2820 1040 2881 de
1074 2820 1643 2897 quorum.laudibus
1665 2835 1805 2893 ,ne
1842 2819 2073 2891 singula
2122 2833 2624 2891 commemorem,
2663 2833 2847 2877 unum
2883 2817 3078 2879 adhuc
3111 2822 3312 2879 locum
3355 2820 3617 2881 oliverii
3643 2860 3661 2889 ,
3704 2831 3804 2876 te-

964 2926 1071 2985 stis
1122 2924 1617 2999 locupletissimi,
1674 2921 1939 2983 laudasse
1981 2918 2297 2981 suffecerit
2316 2962 2339 2993 ‚
2392 2923 2467 2984 C.
2500 2937 2605 2998 41.
2650 2939 2722 2999 p.-
2754 2935 2926 2999 1439.
2978 2924 3047 2982 In
3084 2924 3489 2985 distributione
3539 2924 3799 2981 turrium

960 3014 1035 3089 αἰ·
1080 3030 1367 3091 domorum
1400 3046 1534 3104 gens
1578 3029 1689 3088 s‘llae
1734 3027 2042 3087 laudabilis
2056 3067 2077 3099 ,
2115 3024 2369 3086 obediens
2414 3038 2477 3087 et
2510 3039 2782 3099 strenua,
2819 3044 2968 3104 quae
3011 3044 3057 3087 a
3090 3031 3377 3104 principio
3423 3044 3549 3087 cum
3584 3042 3799 3102 magna

966 3134 1191 3191 virtute
1226 3134 1571 3193 Damiatam
1606 3132 1927 3209 appls'cm'n
1961 3143 2071 3191 aut
2089 3111 2319 3192 ‘nullam
2360 3126 2573 3190 habuit
2606 3141 2812 3192 sortem
2831 3172 2852 3205 ,
2887 3144 2996 3192 aut
3033 3135 3204 3193 vilem
3237 3144 3296 3193 et
3332 3135 3594 3193 ultimam
3613 3175 3635 3205 ‚
3675 3152 3800 3193 cum

964 3245 1155 3295 tamen
1194 3235 1263 3294 de
1304 3237 1477 3295 classe
1511 3254 1775 3311 cogonuns
1808 3253 1941 3312 quos
1988 3233 2240 3294 adduxit
2258 3272 2280 3304 ,
2314 3235 2670 3295 victualibus
2717 3247 2776 3294 et
2815 3242 2996 3296 armis
3045 3248 3242 3298 castra
3281 3236 3536 3311 fidelium
3579 3238 3804 3309 repleta

948 3336 1201 3412 ficissent
1218 3379 1241 3411 ,
1276 3342 1460 3399 turris
1488 3338 1747 3413 fluminis
1782 3351 1958 3415 capta
1972 3376 1999 3410 ,
2031 3342 2315 3398 transitus
2342 3336 2427 3398 ad
2451 3344 2760 3416 oppositam
2797 3344 2988 3417 ripam
3017 3348 3409 3417 praeparatus
3424 3376 3445 3409 ,
3465 3352 3606 3415 pons
3638 3354 3800 3417 supe·-

961 3445 1089 3502 rr'or
1120 3454 1179 3502 et
1222 3440 1469 3517 ae‘nfbrr‘or
1509 3448 1838 3519 compositus
1852 3482 1873 3515 ,
1910 3444 2134 3520 specula
2170 3444 2405 3503 Turonis
2450 3454 2808 3511 constructa,
2863 3444 3084 3498 moenia
3121 3436 3340 3512 fhssau'
3377 3445 3627 3505 munita.
3703 3442 3816 3503 De·

965 3547 1289 3617 insignibus
1340 3548 1537 3620 igitur·
1571 3550 1945 3623 popularium
1998 3561 2339 3607 nostrorum
2386 3548 2709 3630 universe,
2758 3542 3044 3619 imprimis
3095 3541 3460 3617 Frisiorum,
3520 3548 3579 3605 in
3637 3547 3820 3609 bello·

964 3648 1379 3723 Dimyatheusi
1420 3650 1646 3708 meritis
1685 3652 1841 3709 nulla
1890 3650 2181 3710 dubitatio
2224 3662 2351 3721 est,
2391 3648 2658 3723 quamvis
2709 3660 2954 3717 omues,
2995 3658 3258 3722 excepto
3303 3648 3542 3725 Joanne·
3572 3667 3604 3709 a
3648 3654 3808 3729 Ley·

968 3747 1100 3822 dis,
1154 3748 1231 3811 de
1273 3750 1743 3811 Harlemensium
1784 3754 2019 3812 virtute
2070 3764 2331 3813 taceant.
2405 3752 2559 3813 Nec·
2600 3766 2718 3826 ego
2763 3765 2902 3811 sane
2945 3752 3194 3825 reperio
3227 3766 3337 3811 cur
3373 3756 3488 3813 iste
3539 3753 3809 3828 laudem,

964 3856 1173 3916 Frisiis
1222 3854 1562 3931 denegatam
1586 3893 1607 3925 ,
1668 3857 2154 3915 Harlemensibus
2199 3856 2523 3925 tribuerit3
2563 3858 2680 3915 nisi
2721 3855 2884 3916 forte
2935 3854 3210 3928 civibus,
3252 3856 3408 3916 inter
3439 3875 3596 3933 quos
3629 3862 3822 3919 vitam·

968 3962 1216 4034 agebat,
1251 3958 1581 4019 abblandiri
1616 3960 1909 4032 voluerit,
1956 3970 2053 4021 aut
2088 3958 2263 4033 quod·
2292 3960 2537 4019 omnino
2588 3959 3006 4019 verosimilius
3049 3974 3196 4020 esse·
3225 3962 3658 4034 existimamus,
3697 3966 3827 4023 nisi·

966 4068 1315 4141 complures
1338 4062 1747 4123 Harlemenses
1767 4064 2107 4138 principem
2145 4078 2317 4122 suum
2340 4062 2483 4140 (qui
2507 4078 2575 4123 ea
2597 4075 2950 4139 tempestate
2973 4062 3236 4123 Harlemi
3260 4062 3550 4139 degeret,
3591 4070 3819 4127 aulam-

968 4183 1099 4244 que·
1142 4166 1608 4243 condidisset),
1646 4168 1717 4224 in·
1744 4168 2063 4227 Orientem
2094 4172 2321 4241 ,secuti
2351 4168 2510 4238 siut,
2550 4170 2611 4226 in
2651 4181 2822 4240 quos·
2845 4164 3178 4242 deinceps,
3217 4182 3284 4228 ut
3325 4170 3644 4243 primarios
3687 4174 3808 4231 Co·

972 4274 1137 4335 mitis
1174 4274 1379 4334 socios
1414 4282 1481 4333 et
1520 4271 1863 4346 ministros,
1903 4286 1981 4333 ut
2008 4269 2143 4331 fieri
2184 4272 2401 4342 solet,⁸
2440 4272 2698 4331 maxima
2731 4284 2930 4330 rerum
2959 4285 3260 4345 gestarum·
3283 4273 3444 4351 laus,
3475 4275 3618 4339 si've·
3635 4276 3825 4351 jure).

3661 4379 3808 4439 sive:
