5242 6192
2715 806 2765 908 (
2863 828 2968 909 90
3063 806 3112 907 )
3700 862 3732 895 x

1460 1012 1572 1077 ἦε
1610 998 1810 1087 {taque
1838 1010 2013 1083 gestis
2028 1048 2049 1079 ,
2088 1006 2373 1069 Saracena·
2400 1010 2722 1087 per-tentum
2741 1050 2762 1081 ‚
2801 1004 2963 1085 qnod
2985 1008 3060 1065 iis
3097 1006 3437 1067 imminebat
3451 1045 3474 1078 ,
3507 1006 3863 1067 attendentes
3876 1050 3899 1082 ,
3934 1010 4127 1087 ripam
4155 1012 4314 1073 nobis

1466 1121 1775 1198 oppositam
1810 1143 1889 1162 —-
1928 1117 2261 1185 munierunt
2290 1142 2373 1159 -
2406 1115 2563 1174 nohis
2596 1126 2744 1189 spem
2779 1110 3104 1187 auferentes
3133 1112 3342 1173 ibidem
3389 1112 3750 1175 transeundi.
3823 1114 3892 1173 In
3925 1116 4112 1174 casali
4144 1132 4311 1191 vero,

1463 1223 1615 1300 quod
1643 1221 1775 1298 fere
1804 1224 1929 1299 per'
1949 1220 2201 1279 mu'llx'aere
2234 1218 2419 1278 distat
2463 1236 2505 1277 a
2549 1220 2798 1277 civitate
2821 1258 2842 1287 ,
2896 1218 3002 1275 ebt·
3041 1214 3182 1278 baec
3233 1234 3382 1277 nom
3417 1220 3660 1278 munitio
3697 1220 4138 1279 terminabatur
4156 1262 4181 1293 ,
4207 1232 4322 1295 per

1450 1330 1774 1387 {ramnum
1808 1326 2066 1401 flammis
2110 1326 2491 1384 Immersiones
2537 1326 2775 1381 navium
2810 1318 3089 1395 fecerunt
3133 1340 3254 1382 cum
3286 1324 3444 1398 palis
3491 1321 3683 1395 infixis
3721 1328 3975 1399 gurgiti.
4053 1322 4224 1400 Quae
4267 1326 4320 1385 si

1461 1430 1580 1491 rite
1640 1428 2107 1506 expenderimus
2164 1442 2227 1490 et
2274 1426 2897 1499 consideraverimus,
2957 1426 3255 1486 sultanum
3307 1442 3436 1487 rem
3479 1442 3646 1487 suam
3687 1432 3934 1504 egregie
3975 1444 4036 1489 et
4087 1444 4322 1490 summo

1466 1551 1603 1595 cum
1643 1534 1901 1593 consilio
1947 1536 2210 1610 gessisse
2255 1536 2601 1598 fatebimur.
2680 1534 2834 1594 Cum
2881 1532 3034 1591 enim
3087 1544 3292 1590 turres
3328 1546 3700 1605 expugnatae
3745 1549 3807 1594 et
3849 1550 4088 1595 catenae
4124 1532 4360 1603 disru03

1464 1654 1603 1715 ptae
1668 1654 1905 1710 essent,
1980 1656 2378 1717 quaecunque
2434 1642 2639 1717 potuit
2702 1633 3152 1713 impedimenta.
3193 1638 3442 1697 Francis
3489 1640 3819 1700 transituris
3885 1640 4142 1715 objecit.
4231 1640 4320 1700 Et

1462 1740 2020 1831 primum‘quidem
2074 1747 2337 1804 sentiens
2386 1745 2650 1804 Francos
2686 1755 2828 1799 ante
2880 1743 3063 1816 ipsam
3122 1740 3533 1816 Dimyatbam,
3571 1758 3831 1820 propter
3868 1760 4152 1805 summam
4195 1758 4318 1803 mu-

1459 1847 1753 1905 nitionem
1788 1850 1995 1919 urbis,
2033 1851 2339 1910 transitum
2391 1864 2511 1906 non
2550 1859 2702 1926 esse,
2725 1855 3099 1915 tentaturos,
3139 1842 3246 1905 red
3281 1848 3486 1921 paullo
3522 1850 3842 1924 superius,
3877 1850 3983 1909 ubi
4017 1851 4146 1926 ripa
4181 1862 4314 1908 erat

1464 1950 1777 2027 praesidiis
1820 1970 2049 2027 vacua,
2100 1955 2321 2015 ibidem
2372 1954 2501 2014 ioci
2561 1951 2669 2011 nbi
2717 1950 2968 2027 primum
3020 1945 3169 2009 iilud
3221 1966 3372 2027 prae
3419 1951 3782 2013 Francorum
3825 1954 4144 2012 vicinitate
4187 1950 4318 2012 fieri

1460 2066 1740 2130 poterat,
1782 2073 2025 2132 pontem
2080 2062 2313 2119 navium
2368 2058 2734 2126 collocavit,
2791 2053 3006 2113 deinde
3055 2070 3192 2111 cum
3227 2057 3446 2130 ,copiis
3500 2056 3794 2118 traductis
3833 2060 4314 2119 christianorum

1458 2172 1651 2247 castra
1706 2163 2023 2224 invasisset
2073 2179 2135 2225 et
2190 2144 2493 2241 repulsam
2546 2174 2753 2237 passus
2813 2172 3013 2230 esset,
3063 2160 3297 2219 veritus
3353 2171 3432 2217 ne
3489 2160 3692 2221 hostes
3753 2164 4094 2236 exemplum
4141 2178 4318 2221 suum

1466 2265 1727 2333 imitati,
1766 2264 1969 2327 eadem
2021 2270 2118 2328 via
2174 2270 2235 2327 in
2276 2274 2462 2345 ripam
2508 2265 2871 2325 orientalem
2907 2264 3276 2345 transirent,
3335 2260 3592 2324 mediam
3641 2280 3848 2325 navem
3889 2270 4148 2340 exemit,
4189 2282 4316 2327 mo·

1462 2364 1770 2445 dicamque
1804 2385 2129 2447 aperturam
2149 2414 2169 2444 ,
2200 2385 2272 2433 nt
2290 2370 2555 2453 Jacobus
2580 2382 2791 2429 noster
2821 2368 2942 2437 ait,
2975 2348 3246 2442 reliquit.
3325 2366 3640 2429 Postremo
3673 2384 3812 2429 cum
3849 2386 4099 2448 pontem
4137 2372 4314 2435 etiam

1461 2471 1836 2550 disruptum,
1876 2492 2059 2551 atque
2098 2476 2249 2537 adeo
2294 2490 2475 2537 totam
2528 2476 2719 2551 ripam
2761 2461 3113 2531 orientalem
3159 2461 3442 2532 bostium'
3477 2475 3928 2534 incursionibus
3983 2478 4316 2551 expositam

1476 2588 1612 2633 esse
1646 2575 1934 2649 videret,
1976 2582 2131 2639 hanc
2180 2580 2529 2652 ingentibus
2568 2576 2856 2661 operibus
2905 2575 3298 2634 communivit
3333 2590 3530 2648 usque
3561 2574 3634 2632 ad
3679 2580 3732 2635 al
3771 2576 4162 2656 Adeliyyam‚
4202 2568 4308 2640 ubi

1471 2678 1788 2754 hucusque
1837 2687 2049 2745 stativa
2102 2680 2426 2753 habuerat,
2475 2680 2684 2754 ibique
2750 2674 3000 2737 navibus
3055 2677 3355 2752 vallisque
3405 2681 3598 2739 acutis
3655 2682 3712 2739 in
3763 2680 4023 2742 medium
4097 2685 4319 2744 flumen

1462 2780 1791 2857 demersis,
1833 2787 2201 2847 Francorum
2243 2789 2531 2856 classem,
2567 2783 2832 2841 ulterius
2871 2778 3208 2857 procedere
3243 2798 3594 2855 conantem,
3633 2787 3797 2859 quasi
3835 2784 4114 2863 indagine
4146 2788 4320 2847 cinus

1460 2890 1563 2952 sit.
1642 2891 1739 2951 En
1780 2894 2101 2953 naturalem
2142 2906 2345 2952 rerum
2396 2900 2700 2975 gestarum
2737 2885 3057 2959 ordinem,
3093 2901 3272 2961 quem
3320 2903 3455 2949 cum
3493 2892 3656 2951 bene
3706 2893 4016 2967 cognitum
4059 2892 4310 2953 haberet

1462 2991 1727 3071 Jacobus
1776 2998 2226 3071 vitriacensis,
2298 2994 2704 3055 inexcusabili
2759 2994 2940 3071 plane
2997 2992 3388 3067 incogitantia
3462 2996 3716 3056 invertit
3769 2996 3962 3072 Epist.
4010 2994 4125 3057 111.
4179 2998 4222 3056 1.
4265 2994 4312 3055 l.

1458 3110 1529 3168 p.
1568 3108 1679 3169 295
1720 3100 1799 3161 E.
1836 3116 1899 3161 et
1934 3102 2048 3179 296
2078 3104 2159 3165 C.
2194 3100 2365 3179 prius
2407 3116 2591 3161 naves
2640 3098 2702 3159 in
2756 3098 2984 3160 flumen
3027 3096 3370 3173 demersas,
3409 3097 3554 3159 dein
3601 3115 3850 3177 pontem
3895 3102 4122 3160 factum
4173 3110 4314 3159 esse

1452 3207 1753 3263 statuens.

1542 3300 1584 3379 (
1607 3318 1677 3378 41
1710 3298 1747 3380 )
1800 3302 1957 3381 Ergo
2004 3300 2183 3365 hostes
2232 3308 2491 3367 canalem
2540 3334 2619 3354 -
2671 3306 2877 3368 Azmk
2921 3310 3278 3383 appellatum·
3316 3338 3397 3355 --
3438 3302 3837 3388 aperuerunt}
3907 3310 4082 3370 Illius
4135 3308 4314 3369 etim

1454 3410 1675 3471 canalis
1712 3427 1747 3469 a
1780 3408 2028 3471 Francis
2067 3411 2339 3471 excavati
2376 3410 2743 3468 mentionem
2773 3410 3004 3471 faciunt
3043 3415 3150 3474 lbn
3191 3419 3242 3475 al
3283 3416 3452 3477 Atsir
3485 3416 3530 3477 1.
3561 3417 3604 3477 l.
3644 3434 3708 3491 p.
3739 3414 3842 3486 538
3885 3424 3948 3471 et
3991 3412 4102 3470 Ibn
4139 3406 4312 3472 Ferat

1459 3516 1511 3574 1.
1546 3515 1589 3576 1.
1642 3532 1709 3590 p.
1732 3528 1837 3593 771
1908 3530 1972 3577 et
2024 3516 2177 3577 inter
2208 3512 2588 3575 Christianos
2633 3514 2774 3576 Bar.
2815 3510 3010 3576 Hebr.
3048 3518 3108 3573 in
3147 3516 3358 3579 chron.
3400 3520 3531 3591 syr.
3584 3536 3647 3593 p.
3677 3532 3832 3592 459,
3869 3516 4012 3575 item
4047 3516 4312 3596 Jacobus

1462 3615 1543 3678 de
1578 3616 1904 3692 vitriaco,
1957 3621 2133 3695 cuius
2188 3620 2389 3679 locum
2434 3619 2554 3679 huc
2588 3618 2997 3695 pertinentem
3038 3632 3180 3679 nota
3225 3621 3507 3694 proxime
3553 3621 3833 3695 sequenti
3884 3616 4316 3694 producemus.

1465 3724 1550 3783 At
1584 3724 1900 3798 primarius
1953 3724 2117 3783 iilius
2146 3724 2299 3783 belii
2332 3738 2547 3784 auctor
2584 3725 2892 3785 oliverius
2953 3725 3364 3786 scholasticus
3389 3767 3409 3797 ,
3443 3726 3542 3785 uti
3593 3724 3802 3785 facere
3837 3724 4085 3782 omnino
4117 3726 4312 3783 solent

1459 3826 1631 3903 illius
1672 3828 1807 3887 aevi
1848 3826 2234 3901 scriptores,
2276 3842 2402 3887 rem
2450 3832 2597 3889 tanti
2653 3830 2979 3902 momenti,
3033 3844 3204 3903 quam
3269 3806 3564 3905 imprimis
3597 3830 4079 3892 Christianorum
4133 3842 4316 3888 cona·

1471 3931 1631 3991 tibus
1669 3912 1980 4006 profuisse
2022 3932 2245 4004 sciret,
2304 3946 2456 3993 tanta
2502 3934 2744 3993 levitate
2797 3950 2857 3995 et
2901 3930 3262 4009 negligentia
3313 3936 3621 4006 tractavit,
3661 3948 3730 3992 ut
3772 3934 3831 3993 iii
3871 3934 4029 3996 Hirr.
4063 3934 4317 3991 Damia-

1472 4039 1639 4107 ϋηο,
1663 4051 1775 4109 eo,
1799 4050 1926 4112 quo
1962 4038 2378 4114 oportuisset,
2418 4038 2562 4095 loco
2595 4036 2758 4097 illius
2793 4054 2871 4099 ne
2909 4040 3269 4117 mentionem
3309 4038 3554 4115 quidem
3601 4037 3874 4109 faceret,
3915 4050 3976 4096 et
4011 4035 4088 4095 de
4122 4048 4314 4095 trans.

1472 4138 1564 4205 itu
1614 4142 1851 4200 navium
1902 4140 1973 4201 ad
2016 4143 2387 4219 superiorem
2438 4156 2674 4217 partem
2713 4140 2974 4204 fluminis
3015 4144 3136 4203 boc
3176 4158 3359 4201 unum
3404 4140 3701 4211 traderet,
3745 4141 4171 4217 Apostolicum
4225 4144 4309 4201 le·

1470 4256 1665 4318 gutum
1706 4244 1862 4304 illius
1913 4246 2003 4307 rei
2045 4243 2451 4322 perficiendae
2502 4248 2845 4323 primarium
2883 4262 3198 4310 auctorem
3243 4246 3456 4307 fuisse.
3549 4244 3707 4306 Unde
3744 4244 4052 4322 (inquit)
4089 4256 4310 4320 cogones

1459 4348 1903 4429 propugnatum
1939 4360 2000 4415 et
2028 4352 2341 4412 castellulis
2360 4388 2384 4424 ,
2400 4357 2567 4417 ‘rim
2592 4358 2774 4415 etiam
2807 4356 3094 4427 armatis,
3122 4354 3339 4413 munit?
3352 4393 3376 4425 ,
3414 4365 3540 4413 cum
3559 4352 3744 4427 galeis
3772 4363 3831 4411 et
3855 4352 4014 4412 alsi?
4027 4340 4276 4408 nmmos
4287 4382 4313 4413 ,

4143 4460 4318 4526 prae·
