5242 6192
2715 796 3095 902 (24)

1489 1003 1874 1077 insistentes
1913 1023 2250 1100 pugnare,
2293 1020 2363 1075 et
2417 992 2751 1097 (hostes)
2796 1024 2837 1076 a
2878 1002 3154 1077 transitu
3201 1002 3375 1073 inter
3414 996 3579 1075 duas
3629 1018 3842 1079 turres
3883 1026 4113 1081 arcere
4146 1031 4309 1105 pos-

1495 1149 1668 1201 sent.
1767 1127 2118 1203 Praeterea
2179 1149 2533 1203 murorum
2593 1150 2796 1224 parS,
2868 1152 3040 1225 quae
3091 1128 3373 1225 disjecta
3421 1127 3685 1216 fuerat,
3756 1132 4113 1207 instaurata
4154 1158 4309 1223 est,

1493 1276 1565 1327 et
1605 1255 1932 1331 foramina
1971 1256 2251 1353 oppleta
2293 1275 2476 1344 sunt,
2512 1276 2583 1327 et
2617 1255 2875 1329 firmata
2914 1262 3187 1344 catena,
3236 1274 3411 1353 quae
3446 1255 3621 1327 inter
3667 1255 3830 1363 duas
3876 1276 4090 1333 turres
4122 1248 4305 1349 erat,

1498 1405 1670 1482 quae
1710 1405 1818 1455 res
1869 1386 2242 1480 impensam
2287 1382 2478 1455 mille
2518 1402 2879 1456 aureorum
2938 1384 3161 1457 traxit.
3261 1382 3702 1456 Mensuratus
3750 1382 3900 1479 (2)
3954 1389 4155 1459 etiam
4211 1408 4315 1461 est

1497 1530 1780 1596 murus,
1831 1514 2028 1608 cujus
2085 1512 2379 1585 ambitus
2419 1509 2551 1584 fuit
2599 1508 2795 1604 4630
2842 1510 3258 1585 cubitorum.

1595 1641 1801 1708 Anno
1833 1641 1973 1731 588
2025 1637 2244 1733 (Chr.
2293 1658 2594 1731 1192-
2617 1658 2659 1730 3
2684 1640 2728 1729 )
2778 1634 2999 1731 (20)
3050 1634 3371 1711 Sultanus
3402 1637 3677 1711 arbores
3714 1638 4068 1711 hortorum
4110 1638 4322 1713 Dim·

1500 1763 1924 1851 yathensium
1975 1765 2200 1841 excidi
2251 1764 2645 1858 fossamque
2705 1763 2861 1836 urbi
2907 1762 3330 1837 circumduci
3383 1763 3625 1861 jussit,
3677 1785 4096 1861 pontemque
4148 1786 4321 1839 con-

1500 1894 1743 1963 struxit
1771 1891 1964 1986 juxta
2008 1912 2309 1963 catenam
2357 1890 2579 1963 turris·

1598 2014 1806 2088 Anno
1851 2038 2076 2091 autem
2117 2018 2163 2089 6
2180 2040 2198 2089 ι
2215 2036 2258 2111 5
2314 2015 2547 2111 (Chr.
2601 2014 3081 2113 1218—19)
3134 2037 3451 2111 magnum
3500 2015 3675 2088 illud
3726 2015 3988 2089 bellum
4033 2016 4321 2109 Dimya-

1503 2140 1740 2212 thense
1795 2163 2062 2239 gestum
2116 2162 2269 2229 est,
2343 2142 2540 2235 cujus
2593 2142 2719 2214 hae
2765 2164 3039 2215 caussae
3094 2140 3393 2229 fuerunt.
3504 2142 3713 2214 Anno
3780 2144 4113 2235 superiori
4178 2143 4321 2234 614

1503 2267 1742 2359 (Chr.
1805 2270 2285 2365 1217-18)
2356 2264 2581 2365 (αι)
2659 2270 2983 2343 continua
3059 2268 3481 2342 Francorum
3543 2267 3795 2341 auxilia
3847 2288 4169 2341 venerant
4234 2289 4325 2343 ex

1505 2390 1736 2467 Roma
1765 2394 2027 2491 Magna
2059 2394 2282 2491 Papae
2321 2397 2522 2483 sede,
2561 2395 2849 2493 aliisque
2886 2395 3283 2493 regionibus
3305 2394 3695 2483 FranciciS,
3726 2414 3797 2467 et
3830 2393 4325 2467 Ptolemaidem

1508 2520 1809 2615 profecti
1856 2541 2056 2608 sunt,
2105 2522 2229 2592 ubi
2273 2530 2554 2616 magnus
2595 2541 2835 2617 regum
2881 2542 3259 2593 conventus
3298 2520 3478 2607 fuit,
3531 2522 3654 2616 qui
3713 2520 3865 2592 data
3906 2542 4331 2618 acceptaque

1510 2644 1642 2715 fide
1665 2642 2182 2736 Hierosolymas
2215 2644 2506 2734 adoriri,
2541 2645 2828 2741 illasque
2864 2646 3371 2720 Moslemorum
3417 2647 3726 2719 manibus
3766 2650 4033 2741 eripere
4070 2652 4329 2723 consti-

1518 2791 1802 2844 tuerant.
1823 2768 2012 2866 (aa)
2079 2771 2224 2847 Ubi
2257 2793 2424 2845 vero
2459 2771 2524 2845 al
2553 2770 2846 2845 Maleko
2882 2775 2947 2846 al
2971 2772 3204 2846 Adelo
3224 2773 3437 2846 Abou
3462 2771 3687 2848 Becro
3724 2775 3842 2847 ibn
3866 2776 4123 2865 Ayoub
4155 2797 4331 2849 nun·

1513 2902 1752 2971 tiatum
1790 2918 1894 2971 est
1931 2920 2202 2997 magnas
2233 2898 2658 2973 Ptolemaide
2694 2900 2932 2994 copias
2965 2904 3412 2999 congregari,
3457 2899 3791 2995 Aegypto
3825 2920 4134 2999 egressus
4164 2924 4329 2974 cum

1514 3031 1821 3101 exercitu
1847 3026 2163 3100 Ramlam
2198 3028 2412 3101 venit.
2511 3026 2610 3100 At
2638 3048 2803 3099 mox
2826 3025 3249 3099 Ptolemaide
3276 3044 3717 3102 excurrerunt
3746 3024 3992 3100 Franci
4030 3048 4188 3100 cum
4226 3030 4328 3097 in-

1517 3156 1708 3253 genti
1757 3174 2079 3249 apparatu
2139 3174 2210 3227 et
2259 3150 2499 3249 (23)
2547 3152 2612 3224 al
2665 3152 2963 3226 Adelum
3027 3152 3380 3227 Baisanem
3444 3156 3835 3248 profectum
3888 3157 4158 3251 assequi
4207 3175 4331 3227 co-

1519 3282 1659 3353 nati
1709 3300 1887 3352 sunt.
1989 3277 2129 3353 Hic
2180 3278 2459 3351 illorum
2509 3279 3062 3368 multitudinem,
3130 3303 3410 3355 suorum
3457 3304 3625 3358 vero
3678 3284 4089 3377 paucitatem
4136 3302 4337 3373 repu-

1524 3427 1669 3479 tans
1719 3408 2033 3479 extimuit
2055 3456 2078 3491 ,
2121 3424 2190 3477 et
2237 3402 2523 3503 vestigia
2559 3404 2908 3501 relegenS‚
2962 3405 3381 3479 Damascum
3414 3412 3637 3503 petiit.
3736 3408 3932 3507 Ergo
3974 3408 4335 3481 Baisanen-

1523 3554 1632 3602 ses
1677 3552 2054 3627 eorumque
2105 3531 2360 3618 vicini,
2411 3533 2533 3626 qui
2591 3528 2812 3629 Regis
2877 3534 2975 3604 ibi
3036 3536 3565 3605 castrametantis
3626 3534 3838 3609 tutela
3898 3533 4097 3621 freti,
4148 3533 4341 3605 sedes

1527 3680 1681 3729 suas
1722 3680 1864 3731 non
1904 3657 2352 3751 reliquerant,
2401 3659 2522 3729 vix
2559 3657 2869 3755 digresso
2915 3658 3242 3747 Sultano,
3282 3658 3587 3733 Francos
3630 3660 3947 3735 advenire
3984 3659 4337 3746 vIderunt,

1527 3788 1652 3881 qui
1691 3782 1924 3880 gladio
1961 3786 2030 3856 in
2087 3781 2350 3855 incolas
2393 3786 2805 3874 saevientes,
2856 3785 3014 3859 loca
3058 3782 3243 3857 culta
3286 3787 3711 3880 diripuerunt
3747 3806 3819 3859 et
3873 3808 4086 3881 opum
4130 3787 4334 3861 Mos·

1529 3901 1927 3983 lemicarum
1984 3913 2125 3982 vim
2175 3911 2694 3985 accumulatum
2728 3911 3329 3999 innumerabilem,
3398 3916 3892 4009 occupatisque
3938 3912 4221 3986 Baisane
4266 3932 4339 3984 et

1535 4034 1870 4123 Paneade,
1950 4030 2370 4132 reliquisque
2427 4040 2622 4133 pagis
2676 4038 3318 4133 circumJ'acentibus
3338 4088 3362 4126 ,
3434 4039 3741 4111 triduum.
3784 4039 3883 4110 ibi
3944 4039 4345 4127 haeserunt,

1533 4164 1776 4239 deinde
1827 4167 1894 4235 in
1936 4182 2387 4257 campestrem
2429 4161 2873 4237 Ptolemaidis
2911 4183 3199 4237 tractum
3256 4184 3417 4236 cum
3465 4164 3711 4259 praeda
3764 4167 4213 4262 captimque,
4240 4186 4349 4237 re·

1529 4292 1822 4379 dierunt.
1896 4289 2106 4367 Periit
2143 4290 2268 4365 ista
2303 4289 2649 4368 invasione
2686 4311 2969 4390 magnus
2999 4288 3510 4367 Moslemorum
3553 4310 3873 4366 numerus
3918 4289 4161 4391 (24).
4234 4286 4348 4361 At

4144 4410 4359 4489 Fran-
