5242 6192
2172 712 2227 837 (’
2308 736 2421 835 ‘83
2524 734 2575 837 ὶ

952 932 1188 1013 Rrreae
1234 931 1539 993 dissolutae
1586 940 1721 991 sunt
1736 950 1759 989 .·
1811 932 1905 992 ita
1952 914 2105 1007 quod
2136 932 2533 995 Damiatensis
2574 936 2734 995 urbis
2767 908 3094 1013 patefactus
3143 908 3232 993 est
3266 908 3460 995 aditus
3481 971 3503 1005 ,
3553 945 3615 994 et
3651 932 3816 997 chri·

958 1044 1275 1100 stianorun
1308 1038 1537 1097 navalis
1557 1038 1907 1095 intromissus
1936 1046 2021 1095 est
2044 1042 2337 1100 exercitus
2351 1080 2372 1111 ‚
2407 1044 2579 1098 caesis
2601 1043 2848 1113 paganis
2864 1080 2885 1111 ,
2916 1014 3147 1108 Turciss,
3169 1039 3456 1115 Agarenis
3472 1081 3491 1112 ,
3528 1058 3656 1100 cum
3683 1058 3810 1099 cae·

950 1148 1102 1203 teris
1152 1142 1464 1217 gentilibus
1518 1144 1821 1202 universis.
1918 1140 2246 1203 Fredericus
2282 1144 2505 1220 quidem
2563 1140 2888 1223 Imperator
2919 1142 3218 1204 attendens
3236 1184 3258 1215 ,
3316 1162 3488 1221 quam
3535 1148 3810 1204 eximiam

956 1248 1157 1307 urbem
1203 1258 1315 1322 per
1368 1243 1717 1307 industriam
1754 1242 2093 1308 Withelmus
2136 1246 2206 1306 de
2245 1246 2565 1309 Hollana'ia
2608 1251 2839 1323 cepisset
2859 1286 2879 1317 ,
2913 1266 2988 1307 ac
3035 1249 3438 1307 inestimabiles
3473 1260 3594 1323 opes
3637 1252 3700 1307 in
3735 1266 3808 1307 ea

958 1354 1271 1409 invenisset
1296 1388 1316 1421 ,
1350 1368 1427 1410 ex
1465 1351 1761 1427 imperiali
1794 1349 2184 1423 muntficentia
2222 1342 2462 1413 don'arit
2496 1351 2858 1430 principibus
2895 1350 3244 1413 Hollandiae
3273 1352 3376 1411 sub
3399 1350 3676 1412 ,Caesaris
3717 1370 3808 1412 ve·

960 1456 1107 1515 stillo
1146 1451 1356 1515 habene
1394 1458 1947 1531 propugnandum,
1984 1473 2055 1515 ac
2092 1458 2271 1517 etiam
2300 1460 2479 1532 ipsum
2520 1452 2890 1518 Wlhelmunt
2931 1458 2994 1515 in
3037 1456 3282 1517 militem
3323 1454 3642 1517 ordinavit.
3716 1456 3815 1515 In·

964 1572 1130 1637 snper
1173 1558 1390 1619 tribuit
1420 1558 1912 1619 Haerlemensibus
1946 1570 2194 1635 quatuor
2238 1560 2429 1620 stellas
2463 1564 2525 1620 in
2577 1563 2792 1622 vexillo
2842 1564 3022 1621 rutilo
3067 1558 3296 1636 'pridem
3346 1558 3778 1636 deportantibus
3791 1600 3815 1633 ,

960 1666 1225 1738 argentei
1276 1664 1477 1724 coloris
1534 1664 1758 1739 defit-re
1806 1662 2095 1739 gladium.
2183 1660 2547 1723 Patriarclsa
2596 1684 2732 1724 vero
2778 1664 3280 1740 Jerosolymttanus
3333 1660 3574 1721 donavit
3632 1666 3812 1721 etiam

957 1766 1451 1828 Haerlemensibus
1485 1768 1857 1844 deferendum·
1882 1763 2235 1844 triumphale
2270 1772 2488 1842 signum
2534 1768 2786 1829 Sanctae
2821 1764 3019 1828 Crucis
3033 1809 3053 1840 ,
3093 1786 3168 1827 ex
3207 1785 3269 1828 eo
3309 1765 3461 1844 quod
3498 1776 3676 1825 tanta
3712 1763 3816 1824 ho-

957 1870 1314 1946 norificentia
1353 1874 1655 1932 constituti
1688 1883 1823 1931 sunt
1856 1876 1921 1930 in
1953 1881 2122 1932 terra
2152 1874 2556 1948 promissionis.
2635 1873 2956 1934 Consentit
2991 1870 3124 1932 fere
3159 1868 3234 1931 ad
3273 1870 3522 1931 verbum
3559 1870 3814 1950 Joannes

958 1994 993 2037 a
1026 1974 1249 2051 Leydis
1276 1990 1413 2037 cum
1444 1975 1643 2035 veteri
1681 1974 1934 2050 quodam
1958 1975 2273 2036 Chronico
2308 1974 2537 2038 inedito
2560 2018 2581 2049 ‚
2618 1976 2872 2051 Belgico
2901 1992 3178 2036 sermone
3220 1976 3573 2050 conscripto
3598 2015 3618 2045 ,
3657 1974 3818 2033 unde

962 2095 1068 2141 sua
1108 2079 1513 2156 depromsisse
1568 2076 1835 2139 videtur.
1944 2076 2181 2141 Locum
2250 2080 2410 2139 illins
2470 2081 2770 2143 chronici
2819 2080 2940 2139 huc
2993 2081 3405 2155 pertinentem
3470 2076 3658 2137 edidit
3707 2093 3818 2135 van

962 2186 1199 2246 oosten
1238 2182 1315 2244 de
1350 2182 1556 2256 Bruyn
1588 2182 1698 2241 Vir
1732 2184 1921 2246 Doct.
1956 2182 2015 2240 in
2039 2183 2309 2243 Historia
2348 2184 2745 2256 Harlemensi,
2783 2186 3112 2243 vernaculo
3148 2194 3424 2243 sermone
3461 2178 3620 2241 edita
3659 2180 3732 2241 Τ.
3765 2182 3815 2239 Ι.

962 2300 1159 2364 p.42,
1197 2302 1275 2347 ex
1312 2296 1439 2359 quo
1476 2284 1838 2358 intelligitur
1864 2286 2259 2346 Guilielmum
2282 2328 2305 2356 ‚
2342 2302 2465 2345 non
2504 2302 2641 2348 cum
2691 2290 2918 2357 classe,
2959 2286 3066 2345 sed
3104 2302 3240 2345 cum
3273 2302 3390 2344 una
3429 2286 3562 2344 navi
3606 2298 3818 2344 recens

965 2404 1028 2451 et
1074 2390 1335 2461 eleganti
1372 2403 1527 2447 cum·
1549 2388 1810 2449 artifieio
1862 2403 2216 2450 constructa
2252 2383 2416 2465 (mit
2452 2406 2620 2450 eenen
2667 2408 2825 2450 nuwe
2862 2401 3016 2463 scepe
3066 2390 3415 2464 bequamelic
3452 2388 3716 2463 geneaket
3751 2399 3819 2445 en

964 2495 1101 2555 dair
1132 2506 1221 2554 toe
1249 2488 1605 2569 gevoeget)‚
1642 2506 1873 2566 patrem
1914 2510 2087 2555 suum
2132 2506 2410 2554 secutum
2452 2506 2589 2553 esse
2616 2535 2637 2565 ,
2697 2494 2778 2551 ita
2819 2507 2886 2554 ut
2924 2494 3176 2572 loannes
3232 2508 3264 2549 a
3305 2489 3536 2566 Leydis
3592 2490 3652 2547 in
3709 2504 3820 2547 suo

962 2599 1289 2674 exemplo,
1325 2597 1589 2657 articulo
1640 2594 1905 2666 omisso,
1950 2600 2060 2656 mit
2098 2612 2256 2659 nuuc
2292 2608 2443 2673 scepe
2478 2597 2699 2673 legisse
2749 2594 3041 2661 videatur.
3131 2596 3255 2675 Jam
3307 2596 3473 2667 illis,
3531 2610 3683 2667 quae
3739 2608 3815 2653 ex

962 2700 1191 2779 joanne
1228 2698 1695 2778 descripsimus,
1731 2698 2105 2775 adjungenda
2154 2712 2293 2761 sunt
2341 2703 2489 2774 alla,
2546 2718 2686 2762 cum
2739 2700 2811 2761 ab
2859 2698 3160 2761 Hadriano
3201 2702 3384 2778 Junio
3434 2700 3496 2755 ln
3553 2698 3817 2756 Batavia

964 2818 1031 2879 p.
1056 2818 1138 2868 m.
1170 2816 1288 2879 434
1309 2844 1331 2876 ,
1384 2818 1447 2865 et
1488 2803 1741 2867 Renero
1792 2806 1981 2865 Snoio
2030 2806 2093 2864 in
2143 2802 2362 2865 Rerum
2413 2806 2788 2865 Batavaruns
2841 2806 2882 2864 l.
2913 2802 2997 2866 VI
3037 2799 3158 2879 (in
3203 2804 3344 2866 Rer.
3397 2800 3562 2875 Belg.
3591 2802 3817 2859 Annal.

962 2908 1246 2968 sweertii
1284 2908 1363 2971 T.
1393 2908 1476 2971 11.
1514 2928 1577 2985 p.
1598 2922 1673 2986 75
1702 2906 1837 2985 sq.)
1875 2906 2123 2980 tradita,
2149 2920 2273 2969 tum
2308 2910 2549 2983 vulgari
2574 2908 2725 2968 fama
2754 2904 2824 2967 ad
2851 2904 3212 2967 hodiernum
3247 2918 3440 2979 usque
3475 2902 3633 2964 diem
3674 2920 3818 2978 pro·

962 3024 1212 3086 pagata,
1248 3026 1367 3072 nec
1400 3014 1616 3073 omissa
1642 3012 1845 3073 aViro
1866 3014 2181 3075 Doct.van
2208 3014 2436 3075 Oosten
2472 3012 2550 3073 de
2574 3014 2786 3090 Bruyn
2824 3028 2888 3091 p.
2909 3028 2976 3089 41
3023 3026 3084 3073 et
3115 3026 3229 3088 47:
3271 3025 3304 3070 e
3345 3010 3563 3085 quibus
3601 3009 3811 3086 Junius

964 3114 1251 3175 observat
1284 3114 1359 3175 ad
1404 3132 1565 3177 snam
1606 3128 1801 3191 usque
1840 3130 2093 3179 aetatem
2130 3119 2533 3180 Harlemaeam
2568 3118 2831 3194 pubem,
2884 3118 2947 3175 in
3003 3116 3097 3175 rei
3141 3116 3298 3173 bene
3349 3127 3552 3187 gestae
3594 3126 3818 3171 memo-

962 3218 1147 3289 riam,
1184 3218 1461 3282 Calendis
1497 3222 1788 3302 januariis
1826 3222 1887 3282 in
1926 3224 2185 3299 publicis
2224 3222 2764 3303 supplicationibus
2793 3220 3240 3281 circumtulisse
3280 3219 3579 3279 naviculas
3621 3231 3814 3273 serra·

968 3326 1047 3382 tis
1080 3326 1275 3398 proris
1310 3327 1628 3386 instructas
1669 3329 2052 3405 imaginesque
2088 3320 2373 3391 victoriae
2414 3338 2764 3403 argumenta
2816 3325 3043 3385 bacillis
3078 3322 3324 3401 suffixas.
3419 3320 3570 3379 Tum
3605 3314 3811 3375 addite

969 3424 1351 3507 Certior-isque
1373 3428 1515 3503 fidei
1544 3434 1872 3492 testimonia
1909 3444 2211 3509 supersunt
2236 3450 2313 3494 ex
2346 3448 2483 3492 aere
2525 3426 2823 3492 Corinthio
2862 3428 3272 3490 tintinnabula
3285 3466 3311 3498 ‚
3345 3442 3440 3484 seu
3479 3432 3817 3481 aeramenta

958 3530 1107 3589 bina
1120 3568 1145 3602 .
1172 3546 1319 3606 quae
1346 3534 1410 3593 in
1445 3532 1751 3596 editissimo
1782 3540 1971 3597 turris
1996 3534 2245 3611 fastigio
2278 3549 2540 3612 suspensa
2568 3544 2780 3608 arguto
2810 3532 3034 3590 tinnitu
3073 3530 3194 3589 late
3223 3537 3600 3607 perstrepunt
3617 3566 3637 3594 ,
3674 3542 3716 3584 a
3747 3540 3814 3584 re

970 3632 1321 3694 Damiatica
1363 3648 1719 3712 nuncupata.
1812 3640 2089 3713 Pompam
2143 3636 2426 3709 Calendis
2480 3636 2774 3717 Januariis
2827 3630 3202 3694 circumduci
3268 3634 3505 3693 solitam
3557 3642 3822 3689 comme·

968 3748 1165 3798 morat
1217 3738 1397 3798 etiam
1452 3740 1711 3813 Snoius,
1762 3740 1873 3801 sed
1922 3743 2195 3803 nonnihil
2242 3735 2546 3819 discrepat
2599 3755 2635 3798 a
2683 3738 2906 3820 Junio,
2971 3753 3152 3815 quem
3215 3739 3582 3815 aliquantum
3637 3746 3825 3794 aetate

972 3852 1234 3914 superat.
1304 3826 1612 3917 Harlemtj
1651 3845 1849 3919 inquit
1865 3886 1887 3918 ,
1924 3844 2189 3905 Calendis
2225 3844 2539 3911 Januariis
2574 3843 3002 3906 recurrentibus
3018 3882 3040 3914 ,
3097 3842 3255 3903 soliti
3301 3845 3476 3919 pueri
3511 3838 3660 3900 hanc
3710 3839 3824 3897 cir·

970 3958 1047 4001 ca
1082 3942 1427 4005 Dauniatant
1466 3949 1773 4009 uictoriam
1804 3946 2027 4025 referre
2042 3988 2063 4020 ‚
2084 3950 2362 4023 palmulis
2374 3949 2693 4027 plateatint
2720 3947 3101 4008 discurrentes
3117 3987 3138 4017 ‚
3176 3964 3272 4005 seu
3312 3944 3462 4021 quod
3489 3955 3613 4002 tum
3641 3942 3828 3998 victo-

972 4047 1077 4104 ria
1100 4058 1283 4107 essent
1300 4052 1486 4123 potiti
1501 4091 1523 4123 ,
1556 4068 1652 4111 seu
1685 4052 1912 4113 reduces
1930 4052 2327 4114 Zantvordiae
2351 4055 2533 4115 litora
2550 4096 2573 4127 ‚
2609 4052 2886 4113 milliario
2908 4053 2986 4111 ab
3013 4053 3153 4111 urbe
3181 4050 3452 4110 distantis
3468 4087 3487 4118 ,
3521 4045 3824 4121 applicuis-

974 4159 1121 4213 sent.
1200 4150 1527 4214 obsolevit
1556 4154 1775 4216 deinde
1818 4158 1919 4217 illa
1964 4159 2223 4220 ineuntis
2266 4159 2402 4217 anni
2455 4156 2821 4225 solennitas,
2859 4168 2918 4215 at
2959 4154 3267 4229 hodieque
3313 4154 3374 4212 in
3419 4150 3642 4223 templo
3681 4146 3826 4207 Har·

997 4256 1231 4318 emensi
1274 4260 1555 4335 suspensa
1597 4274 1927 4323 cernuntur
1977 4254 2215 4323 navium
2264 4251 2633 4322 serratarum'
2665 4245 3013 4334 simulacra.
3047 4246 3119 4319 'et
3165 4240 3444 4335 quotidie
3487 4254 3636 4315 hora
3669 4264 3823 4310 nona

2492 4360 2545 4423 L
2582 4378 2622 4423 2
3715 4364 3823 4410 ve·
