5242 6192
2695 783 2746 881 (
2841 788 2982 880 98:
3041 781 3112 881 1

1490 992 1611 1049 lum
1650 986 2041 1059 confugerat.
2076 980 2237 1038 hunc
2264 976 2337 1038 ad
2374 980 2737 1054 supplicium
2767 979 2888 1041 sibi
2927 977 3072 1039 dedi
3101 982 3473 1057 postularet,
3513 978 3695 1057 idque
3729 986 3864 1063 ipso
3893 984 4246 1062 suffragante
4274 997 4328 1053 ai

1499 1089 1697 1153 Adelo
1729 1088 2127 1154 obtinuisset,
2167 1083 2281 1143 nisi
2318 1083 2525 1143 literas
2558 1082 2905 1162 Safyoddini
2931 1084 2999 1146 ad
3023 1099 3087 1143 se
3119 1088 3324 1147 missas
3355 1088 3711 1165 protulisset
3739 1093 3792 1149 al
3829 1093 4030 1151 Aazus
4053 1132 4073 1163 ,
4114 1097 4332 1168 quibus

1495 1200 1549 1256 al
1600 1194 1899 1253 Malekum
1942 1190 1995 1247 al
2038 1188 2349 1249 Camelum
2416 1205 2606 1263 regno
2648 1191 2913 1266 Aegypti
2959 1186 3388 1264 amovendum,
3429 1194 3504 1251 Al
3546 1192 3904 1270 Aschrafum
3953 1198 4230 1258 Mousam
4271 1198 4343 1257 ad

1498 1296 1647 1358 illud
1670 1290 2007 1355 vocandum
2047 1308 2181 1354 esse
2217 1293 2607 1369 significaret.
2689 1295 2860 1370 Quae
2887 1309 3023 1355 cum
3057 1294 3451 1369 cognovisset
3485 1298 3540 1355 al
3566 1295 3793 1358 Adelus
3832 1301 4130 1362 hominem
4159 1304 4342 1363 Vezi-

1482 1417 1683 1472 ,ratum
1710 1400 1936 1460 vitrico
1965 1400 2308 1474 relinquere
2341 1414 2400 1459 et
2432 1397 2593 1458 domi
2631 1414 2696 1459 se
2737 1401 3057 1460 continere
3086 1398 3287 1474 jussit.
3360 1398 3738 1463 Acciderunt
3773 1403 3883 1464 ista
3917 1405 3994 1468 A.
4016 1406 4130 1481 609
4151 1404 4344 1485 (Chr.

1501 1500 1875 1581 1212—3).
1952 1504 2177 1564 Mansit
2220 1502 2319 1562 hic
2360 1518 2559 1562 rerum
2602 1515 2788 1563 status
2829 1519 3024 1581 usque
3065 1501 3138 1563 ad
3177 1504 3257 1564 A.
3287 1506 3402 1579 613
3449 1502 3640 1581 (Chr.
3667 1504 4030 1583 1216—7),
4072 1525 4194 1584 quo
4217 1527 4344 1569 mu·

1500 1627 1641 1671 nere
1689 1623 1951 1681 amotus,
1992 1606 2355 1666 verberibus
2390 1604 2637 1666 affectus
2675 1620 2738 1667 et
2768 1609 2828 1666 in
2867 1610 3113 1669 vincula
3155 1604 3373 1669 ductus
3423 1626 3510 1672 est
3548 1614 3601 1671 al
3640 1613 3866 1673 Aiizus.
3944 1611 4077 1686 Qua
4117 1629 4346 1689 oppor-

1503 1716 1750 1775 tunitate
1790 1713 1882 1772 uti
1921 1714 2173 1787 cupiens
2208 1709 2607 1787 Safyoddinus
2657 1713 2968 1773 comitatui
3013 1714 3068 1771 al
3103 1710 3284 1775 Adeli
3323 1730 3402 1773 ex
3434 1716 3599 1792 Syria
3643 1713 3944 1776 redeuntis
3982 1732 4046 1776 se
4085 1716 4349 1792 ingerit,

1495 1816 1739 1876 domum
1786 1820 1982 1893 aperit
2026 1828 2089 1872 et
2140 1819 2621 1890 congratulantes
2662 1833 2873 1877 novam
2910 1818 3212 1877 fortunam
3262 1818 3435 1879 festis
3476 1822 3670 1896 epulis
3717 1819 3974 1895 excipit.
4053 1819 4165 1880 Sed
4205 1820 4353 1880 nihil

1494 1923 1612 1982 isto
1642 1935 1858 1981 conatu
1898 1919 2101 1979 effecit
2119 1962 2141 1993 ,
2184 1936 2356 1995 quam
2382 1934 2452 1981 ut
2476 1961 2497 1993 ,
2530 1921 2756 1981 exactis
2780 1962 2802 1993 ,
2843 1918 3040 1981 debiti
3069 1921 3312 1983 nomine
3335 1964 3354 1995 ,
3377 1925 3683 1985 sexcentis
3711 1924 3976 1983 millibus
4003 1940 4355 2000 aureorum,¹

1511 2025 1905 2099 omnibusque
1928 2025 2101 2085 bonis
2134 2020 2502 2096 divenditis,
2525 2025 2814 2102 Aegypto
2834 2023 3061 2085 cedere
3083 2027 3424 2103 juberetur.
3489 2028 3660 2103 Ergo
3691 2024 3959 2089 Amidam
3989 2029 4172 2101 abiit,
4199 2026 4356 2089 unde

1506 2128 1699 2201 ipsum
1735 2130 1909 2189 Anno
1934 2123 2051 2205 615
2086 2124 2280 2203 (Chr.
2316 2131 2553 2190 1218-
2566 2127 2643 2206 9)
2685 2135 3115 2203 postmortem
3157 2132 3210 2190 al
3252 2131 3435 2192 Adeli
3471 2132 3753 2192 evocavit
3792 2132 3844 2190 al
3871 2132 4191 2203 camelus-3
4230 2146 4356 2206 quo

1510 2244 1787 2306 tempore
1812 2270 1835 2303 ,
1868 2220 2370 2313 quemadmodum
2398 2234 2573 2294 etiam
2608 2233 2671 2295 h.
2708 2234 2754 2293 l.
2787 2248 3092 2306 narratur,
3126 2230 3429 2314 ‘praesenti
3461 2236 3761 2313 Principis
3800 2236 4148 2295 necessitati
4179 2251 4364 2311 pecu·

1504 2335 1627 2403 nia,
1647 2352 1823 2409 quam
1848 2338 2090 2402 seilicet
2111 2352 2143 2395 a
2163 2326 2603 2398 mercatoribus
2629 2334 3036 2416 divitibusque
3057 2356 3370 2416 exegerat,
3390 2342 3702 2415 subvenit,
3724 2339 4036 2415 eidemque
4058 2331 4198 2416 post
4219 2356 4364 2399 con·

1513 2438 1745 2499 fectum
1777 2440 2005 2501 bellum
2026 2442 2381 2504 Francicum
2405 2453 2704 2515 ,exeunte
2735 2443 2812 2505 A.
2831 2444 2980 2517 619,
3005 2447 3224 2517 suasit,
3262 2459 3330 2505 ut
3353 2446 3600 2507 Emiros
3620 2488 3642 2519 ,
3669 2446 3773 2521 qui
3806 2461 3944 2506 eum
3975 2444 4084 2506 Ibn
4107 2446 4360 2505 Mesch-

1514 2542 1707 2602 toubo
1748 2546 2282 2619 conspiraverant,
2326 2546 2385 2603 in
2415 2545 2636 2619 Djizeh
2681 2548 2962 2621 Dimyath
2985 2549 3306 2624 hucusque
3349 2566 3686 2611 asservatos
3711 2592 3730 2623 ,
3761 2550 4043 2623 Aegypto
4080 2548 4364 2607 extermi-

1510 2658 1704 2705 naret.
1748 2646 1919 2707 Obiit
1947 2660 2102 2707 vero
2140 2644 2538 2723 Safyoddinus
2565 2649 2818 2709 Vezirus
2839 2651 3093 2711 Kahirae
3115 2653 3193 2713 A.
3210 2652 3326 2713 620
3363 2650 3546 2727 (Chr.
3573 2650 3918 2728 1223—4)
3957 2665 4160 2711 mense
4186 2650 4370 2711 Scha-

1512 2756 1709 2828 bano,
1750 2760 2143 2836 sepultusque
2186 2774 2279 2821 est
2326 2762 2387 2819 in
2427 2761 2736 2821 coenobio
2775 2750 3084 2866 (bkhil),
3123 2760 3290 2840 quod
3335 2778 3402 2831 ea
3439 2764 3498 2823 in
3531 2762 3688 2823 urbe
3730 2760 3885 2824 haud
3924 2764 4144 2841 procul
4185 2766 4374 2823 colle·

1514 2868 1657 2943 gie,
1698 2866 1768 2927 ab
1808 2886 1881 2929 eo
1902 2859 2193 2961 232&ss
2241 2860 2487 2978 QM!
2528 2859 3376 2946 appellato,'aedificaverat,
3413 2869 3602 2929 filium
3635 2872 3970 2947 relinquens
4007 2874 4156 2932 etin
4186 2872 4376 2934 Vezi-

1512 2990 1637 3035 ratu
1678 2993 1789 3054 per
1818 2977 1971 3041 duos
2013 2995 2233 3043 tantum
2265 2995 2493 3043 menses
2530 2994 2986 3053 successorem,
3027 2978 3464 3054 Tadioddinum
3502 2980 3859 3043 Yousefum.
3936 2981 4137 3042 Aboul
4173 2980 4379 3041 Maha-

1520 3090 1699 3136 senus
1736 3096 1934 3143 autem
1974 3085 2327 3161 Safyoddini
2368 3099 2625 3147 mortem
2657 3100 2781 3170 non
2821 3082 2893 3144 ad
2923 3084 3004 3148 A.
3035 3084 3151 3146 620
3182 3125 3203 3157 ,
3239 3062 3506 3157 sed'630
3543 3082 3727 3159 (Chr.
3768 3081 4097 3162 1232—3)
4138 3079 4377 3144 retulit.

1526 3178 1707 3255 Quod
1744 3200 1937 3248 autem
1987 3186 2382 3265 Safyoddinus
2428 3194 2545 3252 iste
2584 3193 2648 3256 11.
2681 3192 2722 3251 1.
2761 3192 2814 3251 al
2864 3188 3092 3261 Saheb,
3149 3189 3300 3269 sive„
3320 3186 3653 3266 Princeps,
3699 3191 4070 3264 appellatur,
4111 3188 4174 3249 id
4207 3192 4382 3267 quale

1530 3284 1647 3357 sit,
1688 3288 2042 3361 intelligitur
2078 3308 2157 3353 ex
2208 3297 2350 3353 loco
2396 3295 2693 3355 Makrizii
2727 3291 2888 3357 laud.
2933 3308 2966 3351 a
3006 3291 3200 3369 Sacyo
3237 3293 3314 3353 V.
3352 3294 3432 3356 C.
3468 3296 3530 3353 in
3577 3290 3717 3355 chr.
3753 3296 3868 3357 Ar.
3905 3293 3978 3355 T.
4017 3292 4104 3353 11.
4141 3310 4204 3365 p.
4233 3292 4386 3365 560,

1532 3388 1643 3445 ubi
1682 3368 1842 3450 hun'c
1881 3388 2191 3466 dignitatis
2230 3398 2511 3469 titulum,
2550 3414 2676 3474 quo
2711 3413 2744 3457 e
2791 3397 3036 3457 Veziris
3089 3398 3316 3472 primus
3357 3398 3618 3456 omnium
3673 3388 3913 3456 ornatus
3949 3396 4148 3453 fuerat
4187 3390 4385 3451 Ismail

1541 3490 1643 3551 ibn
1668 3491 1914 3569 Abbad,
1950 3495 2221 3561 minister
2254 3498 2621 3575 Mowayyed
2660 3503 2712 3557 al
2737 3500 2965 3558 Daulae
2989 3499 3259 3557 Bouidae
3297 3496 3425 3573 (cf.
3468 3496 3803 3568 ibid.,a98,
3843 3490 4034 3569 3⁸0),
4070 3492 4388 3569 Safyoddi·

1542 3609 1682 3655 num
1722 3601 1979 3673 primum
2030 3616 2063 3657 e
2110 3600 2345 3663 Veziris
2386 3602 2701 3679 Aegyptiis
2749 3600 3051 3677 gessisse,
3095 3612 3341 3675 eamque
3378 3599 3840 3674 appellationem
3878 3595 4165 3672 deinceps
4199 3600 4385 3659 omni-

1537 3698 1651 3758 bus
1687 3700 1814 3775 ejus
1848 3705 2308 3771 successoribus
2347 3706 2681 3767 adhaesisse
2717 3706 2920 3766 tradit.

1616 3802 1739 3881 (48
1766 3802 1796 3879 )
1834 3806 2005 3866 Feria
2036 3814 2258 3882 tertia,
2288 3810 2379 3871 die
2400 3811 2608 3871 decimo
2643 3822 2800 3871 sexto
2822 3802 3240 3883 Dzulkaadae]
3283 3804 3601 3866 oliverius
3629 3804 4032 3867 scholasticus
4065 3818 4127 3867 et
4161 3810 4385 3887 renqul

1541 3908 1905 3969 Francorum
1936 3910 1995 3969 in
2030 3913 2213 3989 rIpam
2238 3916 2605 3974 orientalem
2640 3916 2950 3975 transitum
2973 3914 3244 3974 referunt
3265 3909 3336 3971 ad
3365 3910 3520 3970 diem
3545 3910 3603 3971 S.
3622 3910 3926 3986 Agathae,
3961 3915 4090 3974 sive
4123 3915 4388 3996 quintam

1527 4013 1895 4099 Februarii,
1938 4032 2091 4093 quae
2146 4033 2359 4079 revera
2412 4018 2559 4079 feria
2600 4018 2778 4077 tertia
2823 4018 2982 4084 fuit,
3043 4033 3180 4075 cum
3222 4030 3405 4074 annus
3449 4029 3599 4087 1219
3635 4031 3668 4074 a
3721 4013 3821 4072 die
3863 4014 4069 4075 Lunae
4117 4016 4384 4096 incipiat.

1511 4098 1626 4173 ‘At
1662 4110 1895 4193 tempus
1942 4135 2066 4180 tum
2106 4138 2138 4180 a
2176 4122 2531 4193 Makrizio,
2575 4134 2640 4178 et
2692 4120 2800 4179 Ibn
2845 4120 3173 4180 Khalicano
3224 4120 3281 4175 in
3338 4119 3462 4177 vita
3505 4117 3707 4177 Aboul
3744 4118 4000 4177 Hosaini
4043 4118 4250 4197 Yahya
4287 4120 4388 4179 ibn

1547 4202 1729 4274 Abou
1750 4207 1847 4279 A'si
1867 4264 1888 4293 ,
1924 4239 1987 4285 n.
2008 4212 2139 4287 820.
2168 4217 2341 4307 Coti.
2372 4220 2553 4289 Palm.
2576 4224 2655 4288 T.
2684 4223 2799 4287 ΙΙΙ.
2839 4242 2902 4301 p.
2931 4218 3060 4301 172'.
3099 4214 3301 4297 Eeyd.
3338 4220 3547 4283 T.111.
3586 4217 3833 4297 p.216,‘
3860 4216 3990 4303 t‘t‘l'm·
4009 4208 4393 4285 'a'Nu‘vVeirio

1502 4402 1510 4410 ἱ
1550 4318 1707 4399 1111111ἱ
1752 4324 1842 4381 rei
1880 4340 2073 4403 gestae
2115 4332 2467 4407 assignatum
2491 4370 2512 4402 ,
2549 4330 2660 4390 vix
2698 4326 2927 4391 admitti
2973 4342 3156 4405 posse
3190 4325 3368 4388 nobis
3409 4326 3672 4390 videtur.
3749 4328 3900 4389 Nam
3935 4322 4066 4387 dies
4104 4324 4178 4391 16
4205 4323 4396 4385 Dzul·

2358 4431 2363 4443 ·
2408 4440 2422 4447 ·
2625 4452 2632 4459 ·
4262 4424 4392 4485 kad-
