5242 6192
2169 825 2554 927 (57)

943 1037 1024 1087 eo
1051 1026 1230 1088 bello
1257 1019 1544 1094 vexavit,
1587 1032 1652 1082 et
1679 1018 1832 1080 nihil
1875 1017 2124 1082 omnino
2151 1017 2230 1080 ad
2263 1020 2576 1083 sociorum
2591 1033 2866 1082 -suoram
2888 1019 3327 1085 necessitatem
3354 1021 3771 1088 sublevandam
3861 1083 3869 1090 .

937 1131 1300 1194 contulisse.
1386 1128 1696 1192 Posterius
1741 1126 1885 1186 satis
1933 1127 2064 1202 lpse
2112 1122 2354 1186 affirmat
2395 1126 2793 1198 willermus,
2844 1126 3017 1200 prius
3062 1143 3139 1188 ex
3182 1141 3523 1204 temporum
3568 1134 3783 1206 notis,

939 1249 1087 1310 quas
1128 1236 1304 1298 ambo
1345 1234 1684 1310 scriptores
1733 1227 1991 1290 afferunt
2014 1269 2035 1300 ‚
2085 1228 2415 1290 manifesto
2463 1229 2859 1306 intelligitur.
2962 1227 3213 1306 Quippe
3263 1234 3473 1295 classi-s
3512 1236 3783 1300 Graeco·

941 1355 1076 1402 rum
1112 1339 1212 1402 die
1261 1354 1334 1400 ro
1357 1337 1505 1418 Julii
1548 1336 1782 1402 exierat
1811 1333 2158 1406 Meliboto‚
2195 1332 2353 1394 baud
2389 1336 2609 1412 procul
2652 1334 3186 1410 Constantinopoli
3222 1336 3283 1394 in
3330 1338 3511 1401 Asiae
3556 1341 3783 1415 litore,

937 1456 1198 1520 accepto
1237 1439 1380 1504 inde
1403 1458 1455 1501 -a
1503 1437 1782 1500 Kalendis
1819 1438 2078 1511 Augusti
2115 1440 2174 1498 in
2212 1450 2336 1502 tres
2371 1455 2604 1502 menses
2646 1453 3005 1504 commeatu.
3080 1436 3230 1502 Inde
3278 1455 3575 1518 prospera
3618 1449 3785 1508 navi·

937 1547 1532 1622 gatione,veatisque
1569 1541 1914 1610 faventibus
1945 1543 2214 1620 Cyprum
2250 1545 2570 1618 pervenit,
2607 1560 2735 1621 quo
2768 1559 2922 1620 ergo
2952 1544 3067 1621 iam
3104 1545 3250 1622 ipsis
3288 1548 3548 1622 Augusti
3590 1550 3780 1612 initiis

937 1652 1571 1729 Graecos.appulisse
1603 1648 1952 1721 sterosimile
2003 1662 2118 1710 est.
2215 1648 2297 1710 At
2341 1647 2773 1716 nihilominus,
2809 1651 2960 1711 lieet
2998 1649 3113 1726 jam
3156 1662 3293 1710 ante
3340 1653 3542 1728 Magni
3590 1655 3783 1717 Ducis
3904 1645 3911 1650 ’

945 1754 1292 1818 Andronici
1353 1755 1684 1826 classisque
1751 1753 2162 1828 imperatoriae
2209 1767 2286 1812 ex
2337 1751 2707 1828 Propontide
2762 1751 3095 1816 discessum
3120 1795 3142 1829 ,
3202 1751 3564 1818 Theodorus
3618 1759 3788 1822 Mau·

938 1877 1214 1926 rozumas
1251 1875 1390 1922 cum
1435 1837 1737 1934 sexaginta
1779 1855 2121 1916 triremibus
2161 1857 2522 1932 praemissus
2573 1857 2794 1918 fuisset
2820 1896 2842 1930 ,
2894 1858 3001 1934 qul
3038 1858 3441 1922 Amalrichum
3486 1859 3568 1922 de
3610 1867 3787 1926 anxi·

941 1967 1162 2028 liornm
1223 1965 1484 2028 adventu
1555 1962 1888 2022 certiorem
1953 1959 2224 2031 faceret,
2279 1960 2665 2024 Andronicus
2716 1977 2905 2025 tamen
2933 1977 3103 2032 stum
3149 1965 3793 2042 Cyprum‘venisset‚

935 2069 1090 2127 nihil
1123 2083 1388 2144 paratum
1429 2065 1794 2143 Regemque
1825 2061 2020 2124 adhuc
2063 2078 2258 2124 moras
2288 2080 2629 2131 nectentem
2682 2068 2951 2142 reperit,
2986 2081 3159 2143 quem
3212 2063 3349 2128 dum
3390 2065 3787 2146 pet-,nuntios

934 2185 1362 2248 percontatur,
1413 2187 1614 2234 utrum
1663 2175 1794 2248 ipse
1837 2172 2116 2246 Cyprum
2147 2185 2218 2228 an
2277 2185 2343 2230 se
2393 2170 2842 2248 Hierosolymas
2894 2173 3107 2234 venire
3162 2173 3364 2247 malit,
3418 2177 3581 2238 vanis
3620 2179 3783 2254 lega·

936 2277 1206 2336 tionibus
1242 2290 1476 2350 tempus
1541 2287 1916 2334 consumtum
1975 2288 2067 2336 est
2110 2289 2305 2348 usque
2351 2271 2424 2332 ad
2475 2273 2846 2351 Septembris
2898 2278 3171 2350 exitum,
3234 2294 3361 2352 quo
3397 2279 3779 2346 Andronicus

933 2380 994 2438 in
1029 2377 1412 2452 Palaestinam
1451 2379 1696 2439 venisse
1737 2376 2006 2439 videtur.
2087 2376 2254 2438 Haec
2305 2375 2591 2451 Nicetas,
2628 2393 2893 2454 quocum
2942 2381 3081 2440 satis
3118 2381 3279 2442 bene
3312 2387 3787 2450 convenit‘wil-

936 2485 1135 2546 lermo
1169 2485 1412 2559 Tyrio,
1463 2484 1716 2545 classem
1766 2483 2140 2544 Graecorum
2187 2483 2352 2542 circa
2388 2479 2570 2542 finem
2609 2479 2973 2558 Septembris
3027 2501 3271 2560 portum
3322 2489 3653 2562 Tyrensem
3696 2495 3783 2576 113.

935 2601 1200 2663 grossam
1243 2602 1375 2648 esse
1421 2584 1721 2656 tradenti,
1777 2587 1954 2662 cujus
2002 2588 2286 2649 narratio·
2317 2600 2396 2644 ne
2445 2601 2569 2646 tum
2609 2583 2851 2661 quidem
2901 2590 3089 2650 moris
3147 2593 3269 2652 suis
3328 2589 3507 2656 finem
3550 2595 3777 2660 fecisse

928 2689 1169 2766 Regem
1210 2691 1553 2754 luculenter
1591 2687 1881 2756 ostendit.
1977 2689 2130 2750 Nam
2186 2704 2264 2750 eo
2317 2699 2514 2764 teste,
2569 2689 2780 2751 Idibus
2828 2690 3068 2756 demum
3120 2696 3417 2759 Octobris
3436 2703 3777 2765 -exercitua

927 2795 1298 2866 Francorum
1351 2809 1752 2870 congregatus
1806 2807 1900 2854 est
1947 2791 2104 2870 apud
2150 2787 2551 2869 Ascalonem,
2603 2811 2664 2858 et
2702 2795 3005 2874 postridie
3064 2796 3222 2875 (vel
3258 2802 3529 2866 utillius
3566 2807 3772 2868 verbis

931 2898 1122 2976 utar)
1169 2901 1402 2976 septimo
1434 2899 1644 2962 decimo
1684 2899 1824 2959 Kal.
1866 2897 2213 2975 Septembris
2251 2897 2352 2970 (1.
2383 2897 2723 2960 Novembris
2744 2901 2780 2975 )
2820 2915 2937 2977 per
2991 2901 3295 2968 desertum
3340 2907 3403 2966 in
3431 2908 3779 2986 Aegyptum

931 3003 1052 3062 iter
1094 3001 1398 3076 instituit,
1435 3003 1840 3080 pervenitque
1873 3016 2040 3060 nono
2078 2997 2179 3060 die
2221 2995 2641 3072 Pharameam,
2679 3006 2812 3066 slve
2845 3005 3181 3081 Fatamam3
3220 3009 3359 3071 dein
3412 3015 3775 3078 transmissis

907 3106 1068 3194 ‘Nin-
1093 3107 1308 3180 ostiis,
1344 3103 1516 3168 bidui
1555 3107 1770 3166 itinere
1802 3105 2224 3181 Dlmyatham,
2257 3101 2330 3162 ad
2377 3120 2550 3182 quam
2603 3115 2819 3180 sexto,
2858 3123 2927 3170 ut
2966 3112 3309 3177 willermus
3358 3119 3480 3189 ait,
3534 3122 3625 3180 vel
3670 3137 3781 3197 po·

933 3209 1091 3279 tius,
1129 3211 1246 3270 nisi
1277 3211 1420 3272 illos
1463 3212 1526 3270 in
1558 3209 1790 3274 deserta
1821 3211 2094 3271 Faramae
2127 3209 2282 3272 urbe
2345 3225 2525 3270 unum
2558 3209 2721 3274 diem
2758 3217 3039 3292 exegisse
3082 3233 3303 3293 putes,
3343 3221 3600 3299 septimo
3644 3225 3780 3287 Kal.

927 3313 1294 3376 Novembris
1327 3329 1521 3376 castra
1567 3329 1942 3392 posuerunt,
1979 3314 2188 3389 paucis
2241 3327 2378 3374 ante
2431 3313 2687 3390 diebus,
2724 3335 2899 3396 quam
2942 3338 3303 3385 commeatus
3354 3327 3411 3384 ln
3468 3328 3775 3387 trimestre

941 3418 1196 3494 spatium
1257 3420 1576 3480 classiariis
1646 3421 1772 3479 suis
1825 3418 1896 3478 ab
1957 3417 2110 3497 Imp.
2157 3419 2487 3498 cpolitano
2539 3436 2871 3485 concessus
2921 3425 3099 3486 finem
3158 3427 3522 3501 accepisset.
3612 3430 3775 3490 Hinc

927 3536 1071 3582 mox
1109 3523 1376 3587 insecuta
1418 3522 1602 3584 fames
1634 3524 2011 3584 Graecorum
2045 3537 2238 3585 castra
2275 3526 2558 3600 vexavit,
2601 3541 2661 3585 et
2700 3529 2917 3602 partim
2954 3529 3277 3590 Amalrichi
3302 3547 3469 3592 mora
3492 3547 3553 3594 et
3588 3538 3775 3612 tergi·

923 3627 1302 3700 versatione,
1336 3627 1553 3702 partim
1594 3625 1890 3686 Manuelis
1919 3625 2305 3703 Imperatoris
2351 3628 2479 3686 sive
2509 3631 2872 3704 parsimonia
2896 3631 2925 3702 ,“
2963 3632 3096 3692 sive
3142 3635 3511 3710 negligentia
3532 3679 3556 3708 ,
3586 3655 3763 3700 exer·

928 3729 1088 3790 citus
1136 3731 1230 3790 sui
1281 3727 1740 3790 necessitatibus
1794 3727 1946 3788 haud
2007 3731 2147 3791 satis
2177 3743 2432 3807 promte
2482 3743 2545 3792 et
2585 3731 2835 3810 largiter
2892 3737 3365 3816 subvenientis,
3404 3743 3775 3823 aegyptiaca

943 3833 1058 3892 ista
1099 3832 1406 3910 expeditio
1448 3834 1604 3893 omni
1645 3847 1930 3894 successu
1961 3836 2180 3902 caruit.
2874 3883 2883 3890 .
3022 3882 3035 3913 ¹,
3386 3883 3395 3895 .

937 3981 950 3996 .
1005 3940 1042 4009 (
1065 3933 1190 4014 18)
1245 3937 1362 3998 Dte
1386 3939 1650 4012 vigesimo
1671 3940 1870 4014 quinto
1912 3937 2144 3999 Rabiae
2169 3937 2432 4023 prioris]
2477 3943 2842 4008 Accuratior
2880 3949 2990 4012 ista
3022 3937 3311 4032 t‘e'rnporis
3342 3951 3676 4033 designatio
3700 3953 3769 4015 ad

937 4039 1131 4114 ipsius
1169 4039 1460 4102 Makrizil
1503 4041 1900 4102 narrationem
1937 4044 2069 4104 sive
2103 4043 2564 4122 emendandam,
2595 4050 2729 4111 sive
2782 4052 3235 4128 explicandam,
3282 4055 3608 4122 adhibenda
3652 4076 3772 4124 est.

931 4140 1171 4231 Nempe
1211 4143 1284 4202 ab
1331 4144 1510 4204 initio
1553 4141 1779 4205 dixerat
1832 4144 2083 4208 Francos
2124 4147 2497 4226 Dimystham
2535 4157 2777 4216 venisse
2826 4157 3017 4219 Rabia
3065 4163 3313 4237 priore,
3368 4163 3589 4226 beilum
3622 4181 3779 4227 vero

922 4243 1171 4328 durasse
1205 4245 1343 4307 dica
1373 4247 1647 4322 ,quinque
1692 4263 1756 4310 et
1786 4249 2232 4328 quinquagima.
2309 4255 2391 4314 At
2413 4257 2618 4330 paullo
2653 4271 2793 4334 post
2824 4275 3024 4321 mense
3048 4264 3253 4326 Safaro
3290 4265 3449 4330 idem
3479 4271 3781 4333 accidisse

931 4348 1192 4425 scribit,
1225 4348 1408 4430 idque
1441 4354 1660 4430 procul
1698 4352 1896 4418 dubio
1931 4353 2150 4418 verius.
2223 4353 2380 4418 Nam
2429 4360 2483 4418 si
2519 4376 2558 4420 a
2599 4359 2701 4424 die
2744 4365 3045 4444 vigesimo
3080 4369 3298 4446 quinto
3355 4369 3585 4438 Rabiae
3635 4373 3771 4433 dies

2483 4460 2544 4524 11
3598 4477 3773 4552 quin.

2864 4684 2901 4722 Χ
