5242 6192
43 114 63 269 *UV'T‘J'
42 45 61 93 Q
46 0 66 25 “

42 438 57 519 Υ-

2632 762 3082 879 <1165

1452 993 1589 1068 ipso
1631 1006 1783 1049 anno
1824 985 2099 1049 undecim
2132 1000 2315 1048 naves
2348 970 2759 1059 Francorum,
2796 975 2980 1095 23⁹8),-
3017 982 3380 1060 appellatas,
3427 980 3498 1040 ab
3543 980 3650 1044 1bn
3684 980 4100 1043 Khasciiouno
4127 998 4286 1061 praev

1461 1099 1631 1158 fecto
1672 1098 1875 1159 classis
1926 1098 2281 1159 Islamiticae
2331 1111 2527 1166 captas
2566 1098 2753 1159 fuisse
2790 1094 2988 1169 dicit,
3021 1107 3142 1151 non
3185 1091 3331 1152 hanc
3369 1088 3470 1152 sed
3505 1094 3669 1153 aliam
3706 1096 4026 1155 victoriam
4061 1097 4291 1156 Μοειει»

1444 1218 1690 1274 {morum
1730 1204 2076 1278 respexisse
2117 1202 2393 1267 videtur.

1538 1302 1719 1383 (69)
1754 1307 1994 1381 Legatos
2036 1304 2105 1364 de
2141 1316 2287 1381 pace
2322 1303 2668 1385 mmmmm]
2711 1310 2866 1369 Cum
2901 1306 3201 1379 Makrizio
3246 1318 3308 1365 et
3353 1300 3442 1361 de
3469 1318 3748 1381 tempore
3785 1318 3848 1365 et
3881 1302 3954 1365 de
3996 1298 4319 1363 condit10·-.

1465 1412 1653 1469 nibus
1699 1408 2065 1470 induciarum
2117 1412 2433 1485 conspirat
2466 1412 2577 1472 Ibn
2625 1398 2702 1471 til
2744 1408 2960 1483 Arsit,
3013 1414 3164 1473 licet
3221 1423 3297 1469 ex
3345 1411 3550 1483 illius,
3603 1412 3747 1469 item
3783 1406 4120 1473 Aburfedae
4172 1408 4322 1482 ejus‘

1472 1516 1727 1590 vestigia
1772 1515 2070 1588 legentis,
2115 1514 2453 1575 narratione
2514 1529 2751 1575 constet
2793 1532 2912 1576 non
2953 1518 3255 1587 Francos,
3300 1510 3406 1574 sed
3447 1514 3826 1585 Moslemos,
3875 1514 4097 1587 primas
4153 1528 4310 1571 con·-

1470 1618 1733 1677 ditiones
1782 1619 2061 1678 hostibus
2110 1634 2225 1701 pro
2242 1610 2581 1677 reddenda
2626 1620 2940 1695 Dimyatha
2993 1620 3308 1680 obtulisse.
3387 1619 3552 1680 Inter
3591 1618 3956 1679 Christianos
3998 1616 4175 1690 hujus
4219 1616 4320 1674 rei

1470 1722 1831 1781 mentionem
1874 1722 2018 1801 facit
2050 1721 2338 1783 Bernard.
2356 1722 2650 1784 Thesaur.
2685 1722 2764 1783 C.
2785 1724 2920 1784 206.
2951 1740 3015 1798 p.
3045 1725 3150 1799 843
3171 1766 3191 1796 ,
3228 1737 3352 1797 quo
3383 1736 3536 1782 teste
3569 1720 3716 1780 haec
3749 1722 3903 1780 inter
3927 1720 4227 1781 Suitanum
4257 1732 4333 1776 et·

1478 1828 1671 1901 Papae
1712 1828 1969 1901 legatum
2005 1838 2172 1900 gesta
2208 1839 2380 1897 sunt,
2422 1827 2664 1886 absente
2693 1826 2862 1901 Rege
2879 1828 3100 1905 Joanne
3133 1827 3475 1898 Briennio,
3506 1824 3616 1901 qui
3644 1840 3782 1900 post
3822 1839 4047 1901 captam
4079 1825 4324 1899 Dimya.

1476 1930 1666 2001 tham,
1707 1944 1960 2006 propter
2001 1928 2358 1988 simultatem
2404 1928 2582 1989 inter·
2605 1930 2797 2005 ipsum
2833 1930 3204 2003 ethegatum
3247 1945 3475 2002 ortam,
3521 1927 3610 1986 ad·
3635 1943 3731 1988 res
3767 1930 3937 2003 regni
3975 1924 4330 1986 ordinandas
4358 1924 4404 2003 ’,

1480 2033 1909 2093 Ptolemaidem
1942 2033 2323 2097 discesserat.
2402 2032 2808 2093 conditiones
2831 2047 3022 2093 autem
3048 2074 3070 2107 ‚
3106 2051 3247 2110 quas
3271 2036 3532 2107 Legatus
3573 2034 3806 2108 respuit
3827 2073 3846 2102 ,
3886 2034 3986 2090 has
4019 2032 4204 2091 fnisse
4232 2028 4328 2088 dr-

1480 2138 1604 2208 eit,
1645 2153 1710 2196 ut
1754 2151 1875 2197 tota
1908 2152 2071 2197 terra
2107 2134 2687 2223 Hierosolymit-anm
2731 2153 2992 2215 excepta·
3019 2152 3161 2197 arce
3189 2136 3422 2207 Karak,
3461 2136 3826 2197 Christianis
3868 2136 4344 2205 restitueretur„

1482 2217 1834 2313 sumtusque
1872 2240 2193 2299 necessarii
2252 2236 2323 2296 ad
2373 2242 2806 2314 reparationem
2845 2241 3082 2299 urbium
3123 2254 3186 2297 et
3228 2234 3581 2316 oppidorum
3607 2280 3625 2309 ,
3681 2232 3852 2314 quae‘
3875 2236 4010 2298 inde
4051 2238 4123 2297 'ab
4162 2238 4330 2297 obsi-'-

1490 2345 1674 2403 dione
1723 2342 2077 2419 Dimyathae
2135 2340 2370 2400 dirutae
2428 2342 2668 2401 fuerant
2717 2340 2817 2417 (i.
2852 2359 2909 2403 e.
2949 2342 3503 2419 Hierosolymarum
3531 2386 3550 2416 ,
3605 2342 3935 2403 Caesareae
3979 2356 4052 2403 ·et
4093 2338 4352 2413 Safadi,.

1491 2462 1741 2521 quarum
1776 2447 2143 2506 munitiones
2176 2446 2227 2503 al
2252 2442 2725 2505 Moadhdhamus
2755 2443 3096 2523 dejecerat)
3117 2428 3453 2508 ‘darentura
3489 2462 3800 2524 praeterea
3825 2462 3897 2508 ut
3931 2448 4200 2507 universi
4231 2460 4328 2501 re·

1492 2554 1884 2611 stituerentur
1916 2550 2155 2622 captivi
2185 2563 2246 2610 et
2290 2550 2349 2605 in
2384 2548 2621 2621 triginta
2660 2566 2840 2609 annos
2874 2550 3151 2608 induciae
3189 2550 3423 2612 fierent.
3503 2550 3864 2609 Earumdem
3905 2562 4169 2624 quoque
4193 2562 4334 2605 con-

1495 2649 1785 2715 ditionum
1816 2668 1851 2707 a
1880 2628 2193 2710 Moslemis
2228 2652 2571 2711 oblatarum·
2598 2654 2963 2713 mentionem
3003 2651 3150 2713 facit
3177 2654 3492 2713 willermi
3497 2652 3670 2728 Tyrii
3706 2652 4107 2714 continuator
4139 2654 4218 2712 C.
4243 2652 4367 2712 80„

1498 2773 1560 2830 p.
1580 2754 1739 2828 692,
1777 2754 1884 2825 qui
1920 2767 2111 2813 tamen
2150 2756 2211 2811 in
2248 2770 2323 2815 eo
2350 2752 2384 2812 'a
2410 2756 2712 2815 Bernardo
2735 2756 3032 2821 Thesaur.·
3061 2736 3361 2831 discedit,
3401 2754 3580 2831 q-uotl
3609 2757 3726 2815 bis
3739 2768 3880 2833 post
3919 2766 4144 2831 captam
4174 2754 4344 2815 Dim·

1496 2858 1729 2933 §atham
1772 2857 2039 2915 inducias
2074 2872 2105 2914 a
2128 2858 2376 2917 suitano
2402 2860 2621 2932 petitas
2655 2860 2846 2921 fuisse
2879 2858 3076 2921 dicar·
3119 2874 3180 2921 et
3211 2862 3412 2935 primo
3445 2858 3686 2936 quidem
3719 2858 3894 2920 brevi
3929 2873 4068 2936 post
4092 2872 4353 2933 occupa·

1498 2976 1609 3021 tam
1642 2980 1675 3021 a
1710 2960 2065 3023 Christianis
2096 2962 2345 3033 urbem,
2387 2978 2543 3037 quo
2556 2977 2832 3041 tempore
2875 2980 3081 3026 totum
3103 2980 3351 3039 regnum
3390 2965 4042 3039 Hierosolymitanunn
4079 2976 4376 3037 excepto.

1506 3066 1784 3141 Karako‚
1826 3080 2168 3140 omnesque
2205 3069 2504 3143 captivos
2518 3069 2638 3127 illis
2675 3068 2929 3141 obtulit,
2977 3072 3190 3130 iterum
3228 3072 3388 3141 hoc,
3427 3067 3503 3128 de
3538 3086 3682 3146 quo
3697 3085 3854 3129 nune
3889 3070 4149 3143 agimus,
4190 3078 4351 3123 tem-

1506 3182 1685 3239 pore.
1765 3169 1881 3229 Sed
1918 3172 2067 3231 huic
2102 3168 2396 3243 fortasse,
2428 3162 2603 3231 haud
2629 3172 2878 3247 magnae
2905 3188 3040 3233 sane
3073 3154 3453 3235 auctoritatis
3482 3175 3814 3249 scriptori,
3850 3190 3970 3235 non
4005 3174 4188 3247 magis
4223 3184 4361 3228 cre-

1510 3264 1773 3325 flendum
1813 3276 1944 3333 ests
1973 3289 2156 3361 quarn
2196 3273 2549 3333 Godefrido
2598 3275 2912 3336 Monacho
2948 3298 3014 3354 p.
3048 3294 3202 3353 392,
3259 3293 3506 3356 praeter
3562 3293 3816 3355 regnum
3865 3274 4362 3349 Hierosolymita·

1514 3386 1659 3429 num
1690 3368 2129 3443 moeniumque·
2160 3368 2675 3451 instaurationem,
2700 3381 2886 3454 ipsam
2917 3398 3164 3457 quoque
3200 3384 3590 3458 Dimyatham
3607 3400 3743 3444 cnm
3772 3380 4172 3455 adjacentibus
4210 3376 4392 3451 agris-2

1520 3472 1593 3530 ad
1628 3474 1865 3544 viginti
1875 3471 2190 3542 milliaria,
2196 3468 2576 3533 Christianis
2612 3485 2694 3529 ea.-
2719 3478 3071 3550 conditione
3111 3486 3364 3541 oblatam
3400 3487 3590 3543 fuisse
3622 3482 3959 3552 affirmanti,
3994 3495 4070 3538 ne
4101 3482 4354 3541 ulterius

1524 3578 1956 3657 procederem
2009 3606 2017 3611 ·
2058 3576 2237 3637 Taies
2274 3588 2427 3635 vero
2470 3570 2890 3647 conditiones,
2931 3579 3135 3651 quales
3173 3576 3506 3636 Bernartius
3544 3578 3841 3641 Thesaur.
3879 3593 4200 3653 memorat,
4243 3584 4359 3654 jam

1517 3685 1721 3757 paullo
1742 3696 1873 3741 ante
1896 3679 2513 3764 captam-Dimyatham
2536 3680 2916 3740 al·Came}um
2937 3694 2997 3739 et
3019 3682 3073 3738 a}
3091 3674 3586 3741 Moadbdh'amum
3605 3682 3858 3743 Francis·
3873 3684 4164 3746 obtulisse
4188 3700 4364 3747 testa-

1528 3798 1624 3843 tur
1655 3784 2077 3843 oliveriusc:
2118 3786 2213 3847 ιω
2251 3801 2314 3859 Ρ.
2352 3768 2532 3861 ι4ι4,
2580 3799 2616 3840 a
2651 3784 2995 3845 Patr-{archa
3036 3796 3099 3842 et
3138 3782 3406 3859 Legato,
3447 3789 3588 3847 item
3623 3788 3984 3867 Templariis
4015 3790 4389 3867 Hospitala-.

1525 3888 1801 3962 tneque,
1853 3885 2031 3961 (qui'
2056 3898 2284 3957 tamen-5
2340 3899 2489 3944 teste
2531 3888 2844 3949 Bernardo
2879 3889 3173 3953 Thesaurz
3215 3884 3452 3953 easdem
3501 3909 3639 3968 post
3678 3909 3904 3961 captam
3941 3896 4156 3955 urbem
4181 3896 4362 3956 acci-

1530 3996 1774 4071 piendas
1815 4010 1949 4057 esse
1996 3989 2441 4069 eensuernnt).
2460 3996 2796 4069 repudiatas
2818 4014 2857 4065 ς·
2881 4012 3130 4069 quarum
3169 3998 3527 4067 tamen‚‚.uti
3569 4010 3686 4055 nec
3728 4000 3962 4057 aliarum
3989 3995 4390 4059 induciarum.-

1528 4102 1727 4171 paulio
1761 4100 1913 4161 ante
1926 4114 1962 4157 a
1983 4093 2301 4161 Mosiemis
2339 4096 2702 4168 abiatar-um,
2737 4080 2974 4159 nullam
2993 4099 3237 4160 omnino
3269 4096 3432 4173 apud
3463 4076 3796 4159 orientales
3825 4102 4193 4164 mentionem
4221 4102 4376 4164 fieri·

1540 4200 1893 4275 miraberis3
1934 4202 2075 4262 nisi
2082 4204 2261 4262 forte
2299 4216 2487 4277 putes
2518 4201 2678 4261 iilos·
2707 4200 2842 4260 has·
2857 4220 2942 4263 ea·
2988 4202 3253 4269 maxime
3283 4200 3363 4299 de
3415 4220 3648 4311 caussa
3659 4204 3902 4267 silentio
3945 4209 4398 4336 praeteriisse..

1537 4314 1615 4364 ne
1653 4303 1746 4362 sui
1783 4306 1961 4364 toties
1998 4322 2221 4386 pacem
2244 4320 2503 4384 rogasse
2525 4292 2904 4370 viderentur.-

4192 4405 4230 4484 (‘
4244 4406 4397 4491 20³2
