5242 6192
2125 793 2510 894 (Μ)

917 1020 1080 1073 num
1139 1014 1373 1069 exorta
1419 991 1721 1083 fuerant,
1792 1012 1936 1067 tum
1999 994 2217 1089 ipsius
2263 997 2465 1067 etiam
2516 990 2691 1091 (2)
2760 991 3065 1091 Aegypti
3116 976 3355 1069 turbis·
3462 994 3736 1070 Deinde

917 1115 1076 1199 cu'm
1133 1121 1552 1197 Khalifatum
1618 1122 1903 1215 adeptus
1966 1141 2144 1193 esset
2197 1120 2258 1191 al
2321 1120 2795 1194 Motawakkel
2859 1120 2963 1192 ala
3030 1122 3208 1195 allah
3275 1122 3726 1219 Aegyptique

917 1250 1306 1346 praefectus
1342 1268 1518 1319 esset
1555 1246 1726 1343 (3)
1779 1249 2099 1322 Anbasah
2143 1249 2262 1319 ibn
2301 1247 2543 1338 Ishak,
2599 1247 2771 1343 (4)
2812 1250 3194 1321 invaserunt
3236 1249 3489 1322 Graeci
3526 1249 3737 1323 Dim·

919 1378 1188 1468 yatham
1251 1373 1345 1447 A.
1401 1378 1538 1469 238
1591 1372 1829 1469 (Chr.-
1869 1373 2258 1471 852—3)
2291 1426 2317 1465 ,
2390 1377 2499 1449 die
2563 1376 2749 1449 festo
2809 1374 3061 1447 Amfae
3134 1373 3179 1471 (
3196 1378 3313 1450 die
3382 1400 3428 1472 9
3479 1379 3733 1450 men‘sis

917 1500 1440 1596 Dzulhedjae)
1489 1520 1701 1596 eaque
1750 1520 2088 1595 occupata
2139 1501 2392 1575 multos
2445 1502 2849 1576 occiderunt
2896 1502 3335 1591 MoslemOS,
3388 1502 3743 1575 mulieres·

917 1650 1054 1722 que
1099 1648 1172 1699 et
1223 1626 1546 1721 parvulos
1593 1648 1664 1699 et
1715 1623 1886 1724 (5)
1932 1630 2388 1723 provinciales
2443 1632 2514 1701 in
2571 1632 3033 1725 captivitatem
3074 1630 3521 1703 abduxerunt.
3624 1633 3731 1701 At

917 1776 1085 1827 mox
1127 1755 1238 1826 die
1300 1754 1616 1826 sacrificii
1665 1750 1868 1847 (sive
1918 1757 2168 1830 mensis
2219 1754 2681 1851 Dzulhedjae
2722 1750 3045 1849 decimo)
3088 1758 3158 1828 in
3218 1776 3341 1829 eos
3389 1754 3561 1849 (6)
3612 1776 3733 1827 ex·

915 1885 1131 1955 currit
1169 1880 1488 1955 Anbasah
1544 1880 1661 1951 ibn
1705 1878 1908 1953 Ishak
1963 1904 2122 1955 cum
2161 1886 2511 1970 exercitu,
2566 1882 2883 1979 idemque
2945 1882 3063 1955 alii
3116 1883 3314 1955 multi
3376 1882 3734 1968 fecerunt,

923 2007 1044 2079 sed
1095 2007 1404 2081 Graecos
1449 2006 1756 2079 adsecuti
1794 2029 1934 2079 non
1979 2030 2173 2096 sunt,
2230 2012 2350 2104 qui
2379 2008 2675 2081 Tennim
2711 2030 2785 2081 se
2817 2030 3264 2105 receperunt,
3310 2028 3381 2081 et
3430 2013 3497 2080 in
3546 2012 3737 2081 ostio
3797 2084 3803 2091 ,

918 2132 1290 2206 Tenuitico
1331 2136 1690 2206 stationem
1731 2153 2058 2230 egerunt,
2098 2156 2227 2207 nec
2259 2135 2586 2230 deinceps
2621 2136 2707 2207 ad
2752 2137 3019 2210 hostem
3056 2138 3352 2231 perrexit
3388 2134 3735 2206 Anbasah.

1019 2256 1200 2354 (7)
1247 2258 1530 2356 Quibus
1571 2260 1777 2331 rebus
1829 2280 2220 2333 commotus
2259 2260 2324 2332 al
2369 2260 2847 2336 Motawakkel
2890 2285 3114 2337 arcem
3170 2262 3733 2351 Dimyathenscm

919 2384 1258 2457 aedificari
1307 2386 1551 2480 jussit3
1605 2408 1778 2481 quae
1817 2388 2240 2459 substructio
2285 2385 2453 2459 feria
2502 2390 2839 2479 secunda,
2890 2390 3002 2463 die
3045 2391 3248 2460 tertio
3302 2391 3551 2459 mensis
3594 2386 3735 2458 Ra-

925 2512 1274 2583 madhanis
1321 2514 1417 2585 A.
1457 2510 1550 2584 H.
1590 2532 1738 2605 239
1785 2512 2005 2606 (Chr.
2046 2514 2274 2607 853—
2305 2510 2460 2605 4),
2509 2516 2777 2587 initium
2826 2516 3097 2587 habuit:
3141 2514 3523 2607 eodemque
3563 2513 3735 2583 clas-

925 2638 1018 2710 sis
1061 2638 1411 2735 Aegyptia
1455 2640 1760 2712 instituta
1813 2660 1917 2711 est
1967 2636 2012 2731 (
2033 2640 2166 2732 8).
2265 2634 2651 2713 Redierunt
2694 2644 2897 2714 etiam
2930 2644 3067 2715 isto
3108 2662 3293 2712 anno
3328 2660 3469 2733 239
3518 2636 3741 2711 Grae·

921 2768 994 2837 ci
1021 2815 1046 2851 ,
1113 2763 1698 2859 Dimyathamque
1751 2766 2146 2839 ‘invaserunt
2191 2766 2476 2838 navibus
2527 2770 2805 2841 circiter
2856 2767 3204 2853 ducentis,
3275 2782 3347 2837 et
3394 2786 3521 2859 per
3564 2767 3733 2836 inte-

928 2910 1127 2985 grum
1175 2912 1474 2963 mensem
1529 2894 1597 2962 in
1645 2894 1927 2987 regione
1975 2890 2228 2965 litorali
2266 2892 2548 2988 gra'ssati
2591 2912 2749 2966 sunt
2802 2893 3123 2965 caedibus
3172 2911 3243 2962 et
3294 2893 3598 2982 rapinis,
3647 2911 3733 2961 >ac

923 3038 1088 3090 cum
1152 3016 1523 3090 Moslemis
1583 3017 1950 3113 aliquoties
2002 3018 2476 3094 conflixerunt.
2593 3019 2915 3108 Deinde,
2987 3019 3205 3091 turbis
3261 3018 3519 3089 exortis
3573 3037 3736 3111 post

908 3142 1220 3216 ·Kafouri
1270 3144 1694 3219 Ikhschidici
1729 3166 2065 3235 mortem,
2115 3146 2366 3221 Graeci
2417 3144 2859 3237 Dimyatham
2895 3145 3117 3217 adorti
3168 3163 3324 3217 sunt
3373 3146 3617 3239 viginti
3664 3163 3736 3214 et

927 3268 1106 3341 ultra
1139 3271 1462 3359 navibus,
1509 3262 1582 3344 et
1618 3272 2024 3347 occiderunt
2051 3272 2162 3344 vel
2204 3277 2276 3345 in
2314 3276 2776 3367 captivitatem
2826 3271 3251 3345 abduxerunt
3306 3289 3438 3364 150
3470 3270 3739 3341 Mosle-

929 3416 1128 3484 mos‚
1181 3398 1572 3493 acciditque
1621 3401 1746 3476 ista
1791 3420 1900 3471 res
1944 3399 2060 3470 die
2093 3398 2372 3472 decimo
2409 3398 2710 3497 Redjebi
2759 3398 2855 3471 A.
2894 3418 3035 3494 357
3086 3394 3317 3491 (Chr.
3356 3398 3577 3491 967-
3616 3394 3732 3488 8).

923 3519 1142 3599 Anno
1187 3544 1409 3597 autem
1462 3526 1605 3615 408
1659 3523 1889 3619 (Chr.
1942 3547 2202 3622 1017-
2242 3522 2348 3619 8)
2394 3521 2578 3623 (9)
2643 3525 2853 3617 piscis
2910 3526 3147 3617 ingens
3204 3523 3388 3593 circa
3443 3519 3736 3610 Dimya-

927 3649 1114 3721 tham
1156 3653 1512 3743 apparuit,
1563 3652 1766 3746 cujus
1793 3651 2160 3749 longitudo
2185 3670 2326 3723 erat
2364 3650 2811 3723 ducentorum
2844 3668 2915 3720 et
2954 3650 3301 3743 sexaginta
3338 3647 3733 3719 cubitorum
3800 3668 3825 3689 ·

925 3794 1088 3845 cum
1141 3794 1416 3847 centum
1457 3776 1767 3848 ulnarum
1809 3776 2161 3855 latitudine
2211 3770 2452 3871 (10).
2548 3776 2875 3849 Ventrem
2917 3772 3235 3862 belluae,
3283 3794 3461 3869 quae
3507 3777 3731 3846 asinus

923 3900 1224 3971 marinus
1283 3900 1614 3994 appellari
1676 3900 1855 3974 solet
1883 3951 1908 3989 ‚
1991 3900 2250 3973 camela
2317 3920 2560 3974 onusta
2624 3902 2899 3975 transire
2932 3916 3258 3994 poterat,
3368 3900 3448 3972 ln
3503 3902 3738 3972 cranio

925 4028 1232 4120 quinque
1273 4029 1403 4099 viri
1458 4030 1670 4102 erecti
1721 4028 1982 4103 stabant
2036 4047 2193 4102 cum
2245 4028 2462 4123 palis,
2523 4027 3093 4123 quibusadipem
3138 4024 3525 4098 eximebant
3580 4024 3732 4118 ple·-

924 4151 1139 4243 bique
1201 4152 1570 4228 tradebant.
1685 4154 1993 4229 Accolae
2044 4174 2268 4227 autem
2325 4174 2452 4249 per
2502 4155 2789 4252 longum
2856 4174 3125 4247 tempus
3178 4144 3387 4224 ferae'
3414 4152 3729 4225 carnibus

925 4272 1374 4352 vescebantur
1425 4276 1678 4378 (ιι).
1775 4272 2160 4377 Imperante
2215 4278 2492 4353 Khalifa
2539 4270 2606 4354 a'l
2656 4278 2883 4373 Fayez
2941 4280 3167 4356 binasr
3226 4276 3401 4365 allah
3453 4276 3607 4366 1sa,
3640 4274 3743 4361 'et

890 4424 894 4429 ·
2325 4402 2390 4478 C
2445 4426 2494 4501 3
3600 4404 3744 4478 Vc·
