5242 6192
266 4392 382 4429 (κ’

2717 800 2808 909 (ἶ
2857 824 3004 910 92<
3052 801 3138 907 J?
3193 813 3198 819 '

1492 1012 1729 1069 initium
1776 1002 1945 1083 (nam
1988 1015 2141 1063 toto.
2172 998 2379 1059 triduo
2419 1010 2736 1072 tempestas
2781 997 3034 1077 saeviit)
3085 998 3153 1058 ad
3182 999 3458 1075 ⁴uigiliam
3509 998 3778 1063 Andreae
3819 1004 4149 1083 Apostoli,
4199 1013 4348 1080 §.er

1496 1114 1569 1175 ad
1612 1116 1765 1173 diem
1810 1126 1887 1181 29
1920 1103 2328 1175 Novembris,
2380 1104 2483 1162 vel
2526 1104 2730 1177 potius
2763 1103 2837 1163 ad
2869 1121 3110 1165 noctem
3157 1118 3530 1180 sequentem.
3611 1107 3772 1165 Dein
3823 1116 4027 1185 paucis
4083 1116 4336 1192 interje-

1503 1223 1617 1280 ctis
1677 1218 1823 1273 haec
1880 1213 2245 1285 subjungens
2272 1250 2293 1279 ,
2340 1220 2464 1283 post
2524 1208 2742 1269 dictam
2800 1222 3185 1283 tempestatem
3251 1228 3422 1268 naves
3462 1214 3843 1286 parabantur
3895 1218 3978 1275 ad
4025 1222 4344 1279 transitum

1488 1322 1779 1397 fluminis,
1812 1315 1893 1373 de
1935 1316 2185 1375 transitu
2234 1316 2470 1371 navium
2510 1314 2664 1370 iuter
2706 1314 3004 1371 civitatem
3047 1327 3110 1373 et
3149 1315 3399 1384 turrim,
3435 1312 3512 1371 de
3557 1331 3736 1391 rupto
3785 1335 3970 1392 ponte
4013 1322 4341 1398 mersisque

1498 1426 1571 1485 ab
1622 1424 1677 1483 ai
1727 1424 1977 1483 camelo
2023 1423 2304 1488 navibus,
2364 1421 2635 1491 exponit.
2735 1418 2830 1477 Ab
2871 1420 3057 1476 altera
3100 1432 3272 1493 parte
3319 1420 3520 1495 ptimo
3567 1419 3856 1496 adspectu
3907 1424 4348 1487 Makrizianant·
4417 1469 4426 1477 .

1499 1532 1786 1591 rationem
1840 1529 1993 1587 tueri
2040 1526 2281 1595 videtur
2343 1520 2607 1596 ersdem
2659 1522 2872 1600 Jacobi
2916 1525 3242 1595 auctoritas
3293 1525 3354 1581 in
3411 1522 3597 1599 Epist.
3639 1528 3766 1589 ΙΙΙ,
3812 1546 3875 1602 p.
3903 1544 4054 1603 297,
4113 1530 4217 1589 ubi
4261 1529 4340 1591 de

1502 1635 1703 1694 eadem
1749 1636 1925 1691 maris
1973 1632 2181 1689 eluvie
2228 1629 2561 1687 accuratius
2610 1626 2929 1697 referens,
2969 1633 3078 1686 viss
3109 1630 3356 1703 aliquis,
3398 1631 3640 1704 inquit,
3679 1642 3997 1691 nostrorum
4033 1638 4338 1693 evan-5533:

1498 1740 1597 1797 sed
1627 1743 1845 1809 nostri,
1888 1748 1956 1794 ut
2002 1733 2201 1802 credo,
2240 1733 2523 1791 dim'nitus
2570 1735 2851 1804 inspirati
2871 1770 2891 1799 ‚
2947 1733 3119 1804 paulo
3171 1745 3308 1793 ante
3351 1737 3604 1810 amplum
3643 1735 3924 1810 fossatum
3961 1735 4234 1811 ficerunt
4282 1741 4368 1795 in?

1500 1846 1693 1903 sabulo
1714 1878 1735 1909 ‚
1770 1848 1927 1902 circa
1958 1850 2157 1899 castra
2176 1874 2198 1906 ,
2236 1854 2345 1894 non
2392 1839 2531 1909 quia
2554 1838 2744 1893 'maris
2779 1834 3244 1907 inundationem,
3283 1857 3454 1915 quam
3493 1858 3641 1899 nunc
3683 1841 4064 1913 advertebant
4087 1878 4108 1911 ,
4144 1845 4346 1900 timue-

1501 1959 1677 2018 runt,
1708 1945 1801 2004 sed
1830 1955 1897 2003 ut
1925 1961 2093 2002 naves
2126 1950 2345 1999 nostras
2378 1940 2585 2012 absque
2608 1940 2866 2011 periculo
2897 1940 2972 1997 ab
3008 1939 3278 2015 inferiori
3309 1956 3484 2019 parte
3515 1944 3775 2017 fluminis
3803 1947 3888 2005 ad
3917 1950 4214 2023 superiora
4241 1957 4360 2019 per·

1394 2120 1403 2127 ,
1490 2050 1771 2129 sbssatum
1818 2045 2053 2107 trahere
2097 2046 2378 2105 ualerent.
2474 2043 2612 2101 Cum
2661 2054 2854 2101 autem
2899 2050 3084 2101 maris
3126 2064 3284 2119 aqua
3327 2052 3668 2117 saevientis,
3711 2060 3770 2105 at
3815 2055 3976 2123 ripas
4015 2064 4124 2123 per
4171 2066 4348 2107 unum

1505 2159 1761 2215 milliare
1816 2168 2005 2212 versus
2060 2162 2254 2209 castra
2310 2160 2505 2206 nostra
2556 2146 2900 2220 egredientis
2953 2178 3034 2193 —
3079 2148 3432 2207 redundaret
3455 2191 3474 2222 ,
3525 2126 3812 2225 quidquid
3851 2156 4110 2221 invenit,
4170 2165 4360 2232 extra·

1490 2260 1775 2336 fossatum
1824 2269 2079 2319 nostrum
2102 2290 2124 2323 ‚
2162 2256 2462 2314 submersit
2484 2292 2507 2321 ,
2546 2278 2626 2295 —-
2661 2252 2774 2309 alii
2796 2288 2818 2321 ,
2855 2256 2958 2328 qui
2988 2269 3043 2311 se
3079 2250 3243 2323 infra
3286 2253 3381 2329 (1.
3427 2252 3632 2329 intra)
3663 2254 3940 2329 fossatum
3982 2267 4348 2333 receperunt,

1492 2382 1603 2444 per
1638 2365 1755 2423 Dei
1784 2366 2051 2437 gratiam
2086 2368 2409 2419 evaserunt.
2489 2356 2628 2415 Cum
2667 2367 2860 2415 autem
2907 2354 2990 2414 ad
3017 2356 3300 2429 fossatum
3327 2362 3660 2434 perueniret
3678 2398 3698 2428 ,
3737 2369 3797 2417 et
3844 2362 3921 2419 ab
3957 2361 4114 2421 alveo
4137 2359 4349 2436 fhssati

1504 2486 1675 2543 usque
1710 2467 1789 2525 ad
1830 2467 2055 2525 alveum
2092 2463 2345 2539 fluminis
2386 2458 2642 2538 perfluat
2679 2459 2786 2534 (1..
2814 2460 3208 2536 perflueret)
3263 2474 3497 2537 ruptum
3540 2474 3623 2520 est
3647 2461 3927 2536 fhssatum
3978 2478 4228 2527 nostrum
4274 2485 4348 2525 ess

1500 2584 1676 2647 parte
1707 2582 2021 2628 castrorum
2057 2578 2407 2636 nostrorum,
2445 2565 2779 2641 quibusdam
2817 2568 2878 2623 in
2907 2567 3060 2625 locis.
3139 2565 3303 2623 Haec
3339 2565 3524 2623 verba
3559 2568 3881 2627 obscurum
3922 2572 4181 2629 oliverii
4223 2587 4349 2630 set·

1493 2688 1750 2735 monem
1778 2675 2079 2731 illustrant
2118 2686 2176 2733 c.
2205 2668 2311 2732 XI.
2357 2688 2419 2746 p.
2456 2686 2597 2747 1407
2642 2672 2720 2730 ita
2755 2670 3103 2745 loquentis:
3147 2669 3231 2729 Et
3259 2674 3374 2729 nisi
3409 2673 3640 2741 consilio
3675 2674 3928 2748 Spiritus
3973 2674 4176 2735 Sancti
4205 2686 4348 2734 ante

1504 2784 1792 2854 provisum
1822 2774 2037 2852 fuissit
2078 2780 2139 2835 in
2160 2776 2417 2853 fossata,
2470 2775 2621 2851 quod
2663 2780 2724 2834 in
2759 2777 2904 2835 alios
2955 2792 3083 2834 usus
3111 2774 3356 2847 factum
3381 2774 3593 2851 fuerat
3617 2816 3637 2847 ,
3675 2795 3834 2836 mare
3864 2780 4222 2855 conjunctum
4239 2776 4354 2853 flu·

1508 2888 1654 2943 mini
1700 2880 1945 2941 homines
1992 2900 2117 2941 cum
2152 2884 2431 2941 armentis
2445 2918 2469 2949 0
2526 2899 2701 2939 naves
2751 2900 2874 2941 cum
2914 2884 3098 2940 armis
3145 2891 3204 2938 et
3243 2882 3598 2941 victualibus
3633 2882 3980 2943 detraxisset
4028 2879 4115 2942 ad
4153 2880 4370 2943 hostes..

1512 2990 1695 3069 Quod
1730 3002 1927 3049 autem
1963 2987 2206 3062 majoris
2241 2986 2529 3045 momenti
2572 2999 2701 3059 est,
2741 2962 3034 3045 accidisse
3091 2985 3276 3059 igitur
3323 2985 3428 3045 ista
3479 3001 3576 3046 res
3625 2984 3900 3060 videtur,
3941 3002 4080 3063 post
4125 2988 4346 3045 fossam

1519 3098 1575 3152 al
1604 3095 1803 3153 Azrak
1840 3111 1873 3151 a
1910 3092 2261 3155 Christianis
2296 3104 2681 3161 excavatam3
2731 3090 2906 3163 cujus
2955 3090 3083 3148 sive
3123 3088 3477 3165 fodiendae,
3531 3092 3662 3151 sive
3703 3090 4108 3154 instaurandae
4147 3102 4370 3150 caussa-⁴

1519 3199 1573 3257 si
1618 3200 1677 3255 iu
1719 3197 1965 3255 navibus
2012 3200 2063 3254 al
2116 3198 2341 3256 Cameli
2392 3195 2558 3266 iussu
2613 3192 2900 3255 demersis
2952 3193 3288 3269 quaerenda
3329 3198 3443 3268 sit,
3497 3195 3822 3258 secundum
3884 3196 4182 3257 Makrizii
4221 3210 4356 3255 sen-

1516 3302 1763 3362 tentiam
1817 3300 2321 3377 pronuntiandum
2377 3287 2527 3361 er'it..
2625 3302 2708 3361 At
2759 3303 3195 3361 meminerimus
3251 3302 3544 3377 Episcopi
3597 3303 3972 3362 Acconensis
4025 3301 4212 3362 verba
4277 3295 4354 3355 de

1517 3406 1799 3469 inchoata
1831 3402 2077 3483 quidem
2098 3440 2117 3471 ,
2144 3418 2263 3461 non
2296 3404 2449 3463 item.
2479 3402 2555 3461 de
2588 3406 2865 3479 perfecta
2903 3407 3096 3478 fossa,
3127 3405 3509 3479 intelligenda
3543 3424 3712 3481 esse,
3751 3420 4051 3482 navesque
4095 3404 4360 3462 Franco·
4397 3476 4404 3484 ι

1518 3527 1665 3595 rum·
1691 3513 1877 3585 longo
1932 3510 2070 3571 satis
2116 3509 2401 3583 temporis
2446 3507 2761 3568 intervallo
2815 3511 2925 3571 ista
2973 3510 3209 3571 demum
3273 3516 3368 3570 via
3425 3515 3484 3569 iu
3543 3512 3748 3570 Nilum
3812 3509 4000 3569 fuisse
4043 3504 4374 3568 deductas..

1523 3614 1657 3674 Hoc
1707 3616 1957 3690 primum
2010 3628 2241 3675 constat
2282 3628 2360 3671 ex
2420 3628 2627 3687 magna
2665 3627 2862 3688 strage
2889 3658 2910 3687 ,
2949 3633 3121 3690 quam
3181 3618 3390 3675 classis
3423 3613 3761 3674 Christiana
3789 3656 3810 3685 ,
3865 3630 4001 3673 cum
4045 3614 4236 3672 adhuc
4295 3613 4356 3671 in

1516 3719 1654 3793 ipso
1688 3720 1937 3778 introitu
1986 3719 2243 3779 fluminis
2272 3719 2799 3791 consisteret2ex
2837 3721 2946 3781 illo
2977 3724 3149 3779 maris
3187 3734 3354 3779 aestu
3401 3735 3846 3794 ventorumque
3905 3720 3969 3777 vi
4011 3735 4182 3795 passa
4222 3730 4358 3785 esta

1520 3824 1603 3881 ita
1635 3838 1735 3896 nt,
1776 3838 1929 3882 teste
1980 3822 2261 3881 Oii'verio
2300 3837 2553 3893 nostro,
2594 3836 2853 3899 quatuor
2899 3840 3161 3897 cogones
3205 3826 3410 3886 armati
3445 3839 3506 3887 et
3543 3827 4008 3901 propugnaculis
4051 3823 4374 3897 instructi„

1520 3929 1905 4013 cum-quinta
1942 3926 2122 3996 navi,
2158 3942 2309 4000 quae
2348 3926 2505 3985 inter
2556 3928 2724 3999 ipsos
2775 3926 3098 3999 haerebat,
3157 3930 3214 3989 in
3261 3934 3595 4006 oppositam
3634 3933 3816 4005 ripam
3863 3928 4258 3989 deferrentur
4298 3939 4374 3986 ee

1444 4058 1449 4063 ·
1524 4035 1659 4107 igne
1706 4034 1948 4093 Graeco
2000 4028 2532 4101 comburerentur,
2598 4044 2902 4105 navesque
2953 4045 3277 4101 oneratae,
3328 4052 3476 4109 quae
3521 4039 3582 4093 in
3625 4044 3796 4108 portu
3850 4036 4028 4091 maris
4085 4034 4379 4103 stabant,¹

1525 4139 1711 4211 r'uptis
1754 4138 1991 4198 funibus
2028 4136 2310 4211 perirent.
2393 4134 2558 4194 Haec
2599 4134 2780 4207 igitur
2817 4135 2988 4191 nobis
3029 4136 3246 4197 sistunt
3281 4154 3462 4196 naves
3501 4136 3874 4198 christianas
3912 4138 4106 4196 veteri
4145 4136 4204 4194 in
4244 4150 4365 4195 sta·

1527 4239 2017 4313 tioneagentes.
2070 4256 2213 4313 quas
2252 4241 2455 4298 multis
2506 4239 2851 4315 interjectis
2893 4238 3109 4299 diebus
3151 4239 3382 4301 tandem
3425 4238 3739 4315 aliquando
3785 4238 4044 4301 canalem
4100 4255 4231 4301 esse
4267 4241 4376 4298 in·-

1524 4332 1791 4416 gressas,
1858 4344 2111 4421 jacobus
2170 4358 2422 4405 testatur
2478 4342 2672 4425 Epist.
2716 4344 2834 4407 111.
2889 4362 2949 4425 p.
2999 4360 3116 4427 297
3161 4346 3238 4407 E.
3311 4346 3645 4409 Imminente
3699 4364 3831 4407 vero
3881 4345 4370 4425 quadragesima,

4263 4442 4362 4519 (Ὗ.
