5242 6192
2036 806 2111 909 ό(
2176 818 2351 906 '¹63
2414 800 2495 906 ³>

820 1014 978 1072 euim
1030 1022 1132 1069 aut
1170 1009 1299 1084 ipse
1334 1004 1713 1077 Makrizius,
1746 1019 1845 1065 aut
1886 1006 2106 1080 reliqui
2152 1007 2477 1080 scriptores
2512 1004 2784 1079 Arabici,
2823 1005 3146 1068 obsidionis
3187 1007 3350 1072 illius
3391 1016 3680 1079 rationem

824 1119 970 1177 satis
1028 1126 1497 1191 exposuerunt,‘
1554 1128 1668 1173 nec
1729 1110 1833 1187 qui
1886 1110 2234 1169 recentiore
2292 1110 2576 1169 memoria
2645 1106 2721 1167 de
2785 1112 2898 1171 ista
2953 1112 3345 1191 expeditione
3401 1120 3683 1181 adversus

826 1220 1201 1295 Dimyatham
1237 1230 1517 1284 suscepta
1550 1217 1931 1291 scripserunt
1952 1258 1971 1287 ,
2012 1216 2073 1273 in
2112 1214 2329 1288 quibus
2363 1215 2644 1289 primario
2677 1216 2822 1274 loco
2859 1216 3246 1279 Michaudius
3279 1222 3670 1285 nominandus

826 1337 962 1391 est,
1002 1321 1477 1382 Christianorum
1517 1319 1950 1381 narrationibus
2006 1320 2142 1378 satis
2186 1317 2509 1393 diligenter
2548 1320 2642 1377 usi
2690 1331 2850 1381 sunt.
2941 1321 3096 1382 Nam
3150 1324 3278 1383 sive
3325 1328 3545 1387 Arabes
3591 1330 3680 1387 in·

824 1428 1044 1503 spicias
1082 1426 1217 1485 sive
1260 1424 1711 1496 Michaudium;
1754 1415 1889 1483 cum
1932 1424 2296 1483 Francorum
2342 1423 2401 1480 in
2456 1424 2642 1497 ripam
2699 1424 3045 1485 orientalem
3099 1429 3384 1500 transitu,
3439 1442 3672 1491 omnem

824 1532 971 1591 belli
1020 1531 1311 1605 impetum
1363 1530 1423 1588 in
1489 1527 1695 1588 eadem
1738 1528 1875 1588 loca
1927 1532 2264 1589 translatum
2315 1527 2505 1588 fuisse
2548 1528 2963 1603 existimabis,
3007 1545 3124 1604 qua
3182 1533 3470 1610 opinione
3528 1538 3676 1596 nihil

827 1636 1067 1695 omnino
1120 1620 1327 1709 potest
1378 1647 1513 1693 esse
1552 1634 1788 1696 falsius.
1860 1634 2017 1693 Nam
2071 1635 2120 1693 si
2172 1614 2454 1692 accurate
2505 1634 2664 1707 legas
2701 1646 2761 1693 et
2804 1632 3103 1710 expendas
3143 1638 3281 1712 illa,
3333 1654 3486 1715 quae
3521 1640 3676 1715 apud

828 1740 1171 1799 oliverium
1210 1740 1286 1802 C.
1312 1752 1380 1799 ιι
1408 1754 1547 1814 sqq.
1583 1756 1647 1814 p.
1679 1750 1825 1813 ¹409
1862 1754 1998 1813 sqq.
2036 1750 2095 1801 et
2122 1738 2320 1812 Epist.
2344 1736 2458 1798 ΙΙΙ.
2494 1735 2709 1813 Jacobi
2742 1736 3135 1801 vitriacensis
3174 1760 3240 1818 p.
3267 1744 3374 1817 298
3413 1758 3506 1816 sq.
3543 1755 3676 1800 nar-

826 1858 1069 1914 rantur,
1104 1842 1303 1903 nullus
1340 1840 1675 1913 dubitabis,
1717 1848 1863 1918 quin
1902 1856 2107 1916 magna
2150 1856 2287 1917 pars
2330 1840 2638 1901 exercitus
2682 1839 3010 1902 Christiani
3047 1845 3108 1904 in
3143 1845 3272 1922 ripa
3308 1844 3675 1906 occidentali

828 1949 1218 2021 remanserit,
1260 1946 1329 2007 ad
1373 1947 1637 2009 fluminis
1683 1957 2021 2021 portusque
2074 1958 2136 2004 et
2186 1946 2383 2005 fossae
2436 1948 2487 2003 al
2524 1944 2726 2005 Azrak
2761 1950 3084 2023 appellatae
3127 1948 3499 2020 custodiam,
3539 1948 3680 2007 dum

824 2052 1214 2113 validissimus
1254 2066 1443 2127 pons,
1483 2051 1639 2109 infra
1670 2050 1922 2120 urbem,
1962 2062 2028 2107 ut
2070 2046 2360 2122 videtur,
2399 2052 2775 2122 collocatus,
2817 2056 2923 2124 qui
2963 2049 3108 2113 duas
3145 2054 3279 2113 Nili
3317 2054 3478 2130 ripas
3525 2057 3682 2113 inter

826 2172 893 2216 se
938 2156 1387 2233 coniungebat,
1412 2166 1491 2212 .et
1528 2150 1745 2211 divisis
1779 2154 2145 2213 Francorum
2179 2154 2391 2229 copiis
2436 2154 2654 2213 aux-ilia
2698 2153 2816 2213 sibi
2855 2139 3112 2217 invicem
3137 2155 3393 2218 ‘ferendi
3430 2150 3674 2232 copiain

822 2262 1103 2330 faceret,
1157 2273 1219 2320 et
1274 2257 1486 2319 urbem
1536 2270 1869 2317 commeatu
1929 2256 2384 2321 intercluderet.
2502 2258 2668 2333 Quin
2722 2258 2774 2315 si
2832 2269 3097 2319 veterem
3152 2260 3452 2320 willermi
3500 2256 3678 2333 Tyrii

822 2368 1329 2432 continuatorem
1354 2362 1588 2436 audias,
1628 2360 1751 2421 duo
1770 2376 1989 2439 pontes
2011 2361 2291 2435 fuerunt,
2336 2362 2487 2421 alter
2525 2376 2702 2436 supra
2727 2359 3074 2434 civitatem,
3111 2377 3178 2423 ut
3197 2362 3442 2424 videtur
3467 2405 3488 2436 ,
3528 2364 3679 2423 aiter

828 2470 985 2528 infra
1018 2469 1263 2529 eandem
1304 2470 1662 2529 collocatus.
1736 2462 1915 2525 Illius
1956 2466 2110 2525 enim
2150 2465 2227 2529 C.
2264 2482 2363 2544 72.
2404 2482 2467 2541 p.
2504 2466 2613 2540 685
2643 2464 2791 2523 haec
2823 2463 3013 2524 verba
3063 2479 3239 2527 sunta
3287 2467 3472 2540 Apras
3497 2466 3674 2539 firent

821 2572 953 2631 deus
978 2584 1118 2648 pons
1148 2591 1237 2631 sor
1269 2575 1323 2631 le
1350 2572 1477 2646 firm
1524 2570 1603 2627 de‘
1632 2568 1756 2629 l’un
1793 2579 1878 2627 ost
1912 2585 1953 2626 a
1986 2568 2259 2631 l’autre.·
2307 2554 2537 2629 Eodem
2578 2569 2744 2627 forte
2785 2568 3053 2641 pertinet
3092 2585 3244 2644 pons
3283 2571 3568 2645 superior
3611 2586 3673 2630 et

823 2676 1084 2736 inferior
1126 2688 1485 2735 memoratus
1522 2672 1605 2731 ab
1644 2670 1931 2731 oliverio
1973 2673 2049 2734 C.
2071 2688 2170 2748 41.
2210 2686 2465 2751 p.·1439.
2542 2674 2696 2735 Cum
2735 2686 2889 2731 vero
2929 2668 3176 2733 durante
3212 2672 3533 2733 obsidione
3577 2691 3673 2731 na-

823 2792 1049 2840 tatores
1090 2784 1165 2839 eit
1208 2776 1431 2839 sultani
1472 2777 1685 2837 castris
1736 2778 1794 2835 in
1834 2777 2045 2836 urbem
2081 2778 2319 2837 venlsse
2343 2820 2363 2849 ,
2405 2790 2467 2836 et
2504 2764 2868 2837 camelorum
2909 2774 3208 2835 cadavera
3243 2776 3400 2837 cibis
3442 2779 3666 2854 repleta

827 2879 1101 2941 secundo
1134 2880 1379 2940 flumine
1412 2878 1785 2954 Dimyatham
1817 2877 2011 2939 delata
2046 2880 2235 2939 fuisse
2270 2882 2565 2955 legamus,
2603 2894 2757 2954 pons
2803 2880 2918 2937 iste
2947 2880 3223 2957 superior
3247 2922 3268 2953 ,
3307 2883 3355 2941 si
3391 2897 3668 2956 umquam

826 2986 1108 3056 exstitit,
1160 2986 1332 3044 brevi
1388 2994 1529 3062 post
1590 2987 1651 3043 in
1702 2984 1929 3045 sultani
1986 2984 2158 3043 venit
2202 2998 2603 3059 potestatem,
2667 2999 2802 3044 cum
2855 2982 3148 3061 Aegyptii
3199 2986 3462 3047 hostium
3523 3004 3667 3046 suo·

827 3104 961 3148 rum
992 3089 1416 3163 negligentiam
1454 3086 1537 3149 in'
1563 3102 1691 3151 rem
1742 3103 1905 3153 suam
1946 3101 2422 3161 convertentes,
2464 3090 2642 3149 locum
2689 3088 2854 3147 illum
2891 3102 3241 3165 occuparunt
3273 3086 3399 3167 (ut
3449 3092 3667 3151 Vitria·

831 3194 1023 3253 censis
1058 3194 1193 3267 ait)
1229 3212 1275 3253 ‘a
1322 3210 1431 3269 quo
1470 3200 1657 3257 nostra·
1698 3197 2095 3255 miraculosum
2128 3198 2446 3255 transitum·
2484 3192 2796 3269 feeemnt:
2846 3205 3001 3267 quae
3051 3194 3240 3252 verba
3279 3210 3396 3253 non
3441 3206 3663 3253 tantum

826 3298 903 3358 de
941 3298 1139 3357 Boura
1176 3310 1253 3353 ex
1297 3295 1559 3357 adverso
1600 3302 1653 3358 al
1692 3295 2033 3375 Adeliyyae
2072 3300 2226 3373 sita,
2256 3295 2361 3358 sed
2398 3295 2474 3355 de
2512 3312 2713 3370 magna
2738 3294 3136 3356 occidentalis
3174 3298 3339 3368 ripae
3379 3306 3544 3367 parte
3579 3297 3664 3353 in·

833 3398 1157 3474 telligenda
1190 3414 1353 3461 sunt.
1432 3402 1495 3461 Si
1546 3404 1706 3462 enim
1769 3406 1953 3462 solam
2002 3404 2263 3463 Bouram
2314 3403 2692 3471 tenuissent,
2751 3416 2906 3473 quae
2961 3410 3143 3454 unum
3189 3394 3442 3454 milliare
3491 3413 3670 3473 supra

812 3506 1133 3565 ‘civitatem
1182 3502 1293 3563 sita
1332 3518 1495 3577 erat,
1532 3503 1690 3569 hnud
1738 3506 1919 3566 facile
1948 3508 2285 3581 ⁸quisquam
2326 3505 2535 3561 Nilum
2582 3496 2923 3561 tranatando
2975 3513 3052 3557 ex
3096 3492 3304 3559 eorum
3354 3502 3559 3562 castris
3605 3506 3662 3561 in

820 3608 1031 3669 urbem
1073 3605 1396 3681 pervenire
1422 3608 1758 3679 potuisset,
1798 3608 1961 3679 quod
1998 3620 2189 3666 tamen
2222 3600 2451 3665 factum
2479 3616 2612 3661 esse
2648 3600 2987 3663 Makrizius
3018 3615 3080 3661 et
3111 3600 3222 3665 Ibn
3251 3604 3423 3666 Ferat
3450 3620 3668 3667 testan-

827 3723 951 3770 tur.
1027 3710 1123 3770 Ab
1160 3722 1237 3766 eo
1272 3705 1413 3769 inde
1450 3722 1728 3785 tempore
1768 3707 2093 3767 Christiani
2125 3707 2473 3768 inferiorem
2516 3720 2736 3767 tantum
2782 3720 3014 3781 partem
3067 3708 3237 3783 ripae
3281 3709 3666 3773 occidentalis

822 3830 867 3871 e
906 3812 1159 3886 regione
1200 3810 1501 3883 civitatis,
1538 3826 1601 3871 et
1636 3812 1923 3885 contigua
1962 3813 2105 3870 loca
2130 3826 2327 3887 usque
2358 3809 2428 3870 ad
2462 3824 2619 3870 mare
2660 3824 2972 3885 tenentes,
3013 3828 3374 3889 magnopere
3415 3818 3672 3892 pericli·

826 3918 1131 3985 tabantur,
1160 3916 1481 3991 perpetuis
1511 3915 1769 3975 hostium
1806 3915 2291 3987 incursionibus,
2330 3916 2684 3975 munitiones
2716 3930 3117 3994 perrumpere
3157 3932 3527 3993 pontemque
3559 3935 3662 3978 oc·

830 4034 1056 4095 cupare
1102 4017 1507 4091 studentium,
1542 4019 1785 4089 vexat13
1824 4020 2013 4089 licet,
2048 4032 2121 4077 -ut
2164 4016 2504 4079 Matthaeus
2544 4020 2890 4082 Parisiensis
2935 4024 3016 4083 ait
3055 4020 3092 4097 (
3104 4040 3166 4097 p.
3195 4021 3359 4095 305¹)
3387 4022 3663 4095 fbssatm

826 4144 867 4183 a
899 4137 1061 4199 tergo
1097 4142 1191 4185 ruo
1236 4118 1522 4182 fecissent
1538 4161 1557 4191 ,
1594 4125 1783 4182 latum
1824 4125 1967 4181 satit
1999 4132 2059 4181 et
2098 4124 2285 4181 altum
2319 4122 2406 4181 ad
2432 4124 2721 4182 cautelam
2739 4162 2760 4195 ,
2799 4137 2871 4183 ut
2902 4129 2954 4186 si
2976 4124 3138 4201 forte
3185 4120 3363 4185 hostes
3385 4126 3524 4199 fidet·
3559 4132 3666 4187 im·

803 4238 1015 4303 petum
1060 4226 1263 4304 facere
1305 4226 1514 4284 vellent
1560 4228 1621 4281 in
1651 4209 1763 4285 'eos
1785 4265 1808 4296 ,
1862 4221 2031 4298 hujus
2068 4223 2283 4300 fimat}
2337 4227 2624 4299 praesidio
2673 4232 3060 4290 misnia-entur.
3161 4227 3344 4305 Quod
3380 4229 3664 4306 fhssatum

834 4344 1023 4390 castra
1067 4330 1541 4391 Christianorum
1594 4329 1654 4385 in
1708 4341 1966 4400 utraque
2021 4328 2149 4402 ripa
2206 4328 2315 4387 sita
2370 4332 2619 4403 cingens
2650 4369 2670 4400 ,
2727 4330 2882 4390 bene
2944 4328 3423 4407 distinguendum
3475 4349 3566 4393 est
3623 4352 3656 4393 a

824 4428 1031 4509 fossato
1071 4432 1212 4510 (sic
1268 4434 1429 4493 enim
1479 4432 1742 4493 canalem
1791 4434 1843 4490 al
1888 4430 2089 4493 Azrak
2134 4429 2488 4509 appellant)
2548 4446 2662 4508 per
2714 4429 2879 4508 quod
2931 4448 3112 4497 naves
3155 4432 3658 4512 introduxerant,

3545 4556 3658 4601 cu·
