5242 6192
2734 779 3127 888 (32)

1515 987 1852 1062 exhausti.
1928 982 2256 1081 'Quippe
2297 987 2520 1054 ‘unum
2575 999 2789 1072 ovum⁴
2843 981 3132 1080 gallinae
3178 980 3415 1056 multis
3470 985 3571 1078 ibi
3630 987 3847 1060 aureis
3899 981 4346 1064 vendebaam

1515 1113 1762 1188 Narrat
1811 1111 2016 1206 (55)
2070 1107 2134 1180 al
2179 1105 2452 1180 Hafedh
2501 1102 2726 1177 Abdal
2771 1109 3011 1180 Athim
3069 1110 3134 1182 al
3198 1109 3570 1198 Mondari',
3632 1132 3707 1183 se
3752 1099 4089 1186 audivisse
4138 1114 4339 1208 (56)

1519 1239 1912 1319 Doctorem
1931 1233 2172 1309 Aboul
2215 1231 2558 1304 Hasanum
2590 1229 2827 1304 Alium
2869 1235 2989 1305 ibn
3020 1236 3272 1324 Kassa,
3302 1237 3733 1310 affirmantem
3770 1229 4341 1328 Dimyathcnsem

1515 1365 1809 1458 aliquem
1857 1385 1944 1436 ex
1993 1358 2356 1432 ditioribus
2393 1356 2711 1428 habuisse
2748 1382 3026 1433 vaccam
3051 1412 3076 1449 ‚
3128 1362 3457 1458 illiusque
3499 1375 3623 1457 per
3671 1363 4101 1450 obsidionem
4133 1365 4363 1460 Jugtu

1517 1491 1688 1564 latae
1733 1510 1964 1562 carnes
1997 1485 2381 1557 distraxisse
2411 1485 2632 1554 aureis
2670 1487 3107 1582 octingentis,
3196 1489 3387 1562 Idem
3426 1487 3491 1560 al
3531 1488 3855 1562 Mondari
3898 1491 3969 1560 in
4007 1488 4235 1576 libro,
4276 1487 4343 1560 al

1515 1617 1884 1713 Moadjem·
1909 1614 1972 1686 al
1997 1611 2418 1706 Motardjem
2452 1611 2850 1705 appellam,
2900 1613 3151 1703 refert,
3200 1616 3391 1710 quod
3414 1615 3525 1686 'ab
3564 1613 3819 1688 Emir'd
3851 1615 4063 1686 Abou
4114 1613 4341 1688 Becro

1511 1745 1633 1816 ibn
1691 1742 1756 1814 al
1811 1741 2038 1816 Hasan
2075 1743 2194 1812 ibn
2240 1737 2723 1812 Kaschounam
2762 1759 3162 1832 acceperat,
3217 1735 3407 1814 hunc·
3422 1741 3652 1813 'fuisse
3685 1739 4141 1832 Dimyatbae‚
4191 1763 4339 1835 quo

1519 1877 1827 1965 tempore
1893 1870 1979 1940 ab
2030 1868 2230 1941 hoste
2296 1863 2770 1950 obsideretur,
2842 1884 3047 1960 atque
3108 1864 3652 1950 emisse-libram
3710 1867 4015 1941 sacchari
4068 1887 4343 1942 centum

1516 2016 1586 2068 et
1632 1995 2072 2091 quadraginta
2135 1994 2394 2079 aureis,
2469 1990 2789 2086 gallinam
2852 2012 3017 2062 vero
3046 1995 3425 2087 ‘triginta.'‘
3502 1989 3675 2064 Item
3716 1995 3853 2064 sibi
3912 2012 4345 2089 comparasse

1511 2143 1646 2194 tres
1699 2120 1981 2216 gallinas
2030 2118 2397 2211 nonaginta
2429 2120 2653 2189 aureis
2676 2166 2701 2205 ,
2752 2137 2972 2190 utrem
3014 2137 3226 2211 aquae
3268 2116 3709 2213 quadraginta
3760 2121 4071 2194 nummis·
4103 2139 4343 2214 argen-

1509 2252 1676 2320 teis:
1749 2243 2050 2340 sepulcri
2115 2241 2424 2319 fodiendi
2473 2244 2770 2336 pretium
2829 2242 3038 2314 fuisse
3090 2241 3529 2338 quadraginta
3577 2263 3824 2316 aureos
3879 2241 4335 2339 (Min-kal).

1509 2373 1904 2466 Aliquando
1948 2392 2142 2442 soror
2187 2390 2334 2440 mea
2379 2368 2578 2455 (sunt
2613 2371 2761 2461 ipsa
2795 2370 3001 2440 verba
3042 2365 3263 2440 Emiri
3290 2365 3515 2440 Abou
3562 2369 3815 2462 Becri)
3870 2371 4045 2466 (57)
4096 2369 4339 2442 cameli

1515 2520 1820 2572 ventrem
1861 2497 2138 2582 fiderat,
2189 2515 2486 2589 eumque
2524 2493 2844 2590 gallinis,
2880 2491 3265 2581 fructibuS,
3308 2491 3770 2589 leguminibus
3810 2496 4099 2592 aliisque
4133 2495 4339 2568 rebus
4395 2498 4403 2506 '

1463 2631 1468 2636 ’
1517 2625 1960 2718 impleverat,
1995 2626 2379 2716 iterumque
2412 2637 2817 2706 consuerat.,·
2852 2638 2922 2694 et
2958 2620 3027 2693 in
3070 2618 3321 2694 flumen
3362 2621 3789 2714 projecerat,
3828 2643 4196 2717 postquam
4227 2640 4343 2694 me

1514 2773 1639 2845 pcr
1675 2751 1900 2826 literas
1929 2752 2344 2838 monuisset,
2379 2765 2458 2818 ut
2499 2744 2836 2818 camelum
2875 2763 3219 2816 mortuum
3252 2747 3322 2816 in
3356 2742 3533 2819 Nilo
3573 2761 4023 2843 conspectum
4060 2766 4343 2842 capere-

1513 2887 1710 2950 mus:
1787 2875 1983 2972 Ergo
2023 2875 2311 2947 cadaver
2341 2891 2558 2945 noctu
2597 2871 2784 2943 litori
2831 2889 3073 2943 nostro
3114 2871 3442 2965 allapsum
3480 2876 3893 2948 extraximus
3914 2923 3939 2958 ,
3990 2875 4059 2945 in
4110 2893 4339 2968 eoque

1521 3024 1830 3096 magnam
1871 3022 2092 3074 rerum
2139 3000 2415 3093 copiam
2450 2999 2825 3091 reperimus
2846 3046 2872 3083 ‚
2924 3018 3128 3090 quam
3182 3001 3453 3070 civibus
3501 2998 4057 3072 distribuendam.
4084 2999 4337 3072 curavi.

1524 3127 1790 3204 Eadem
1841 3125 1959 3199 illa
1999 3125 2244 3202 mulier
2280 3143 2520 3218 postea
2561 3141 2701 3195 tres
2736 3122 3077 3218 ejusmodi
3120 3122 3423 3196 camelos
3474 3123 3725 3196 eadem·
3750 3127 4012 3199 ratione
4059 3145 4342 3220 parave-

1469 3337 1474 3346 ,
1519 3276 1660 3342 rat,
1711 3273 1891 3348 quos
1939 3247 2185 3326 Franci
2231 3267 2451 3318 tamen
2487 3267 2560 3322 re
2603 3246 2955 3322 intellecta
2996 3269 3350 3342 ceperunt.
3454 3247 3585 3322 Per
3628 3264 3841 3322 totam
3882 3251 4122 3324 urbem
4162 3249 4335 3344 (58)

1520 3400 1946 3452 mortuorum
2010 3395 2308 3468 corpora
2359 3373 2612 3446 domos
2652 3374 2933 3466 viasque
2984 3375 3481 3467 oppleverant3
3532 3377 3939 3475 deficiebant
3976 3377 4337 3462 alimenta,

1517 3526 1647 3576 nec
1687 3525 1952 3598 gemma
1989 3505 2207 3576 rarior
2242 3519 2384 3604 erat
2425 3502 2495 3572 in
2533 3498 2702 3570 urbe
2742 3518 2945 3592 quam
2984 3498 3418 3571 saccharum:
3469 3523 3633 3575 caro
3681 3501 3883 3596 plane
3920 3498 4338 3575 desideraba—

1523 3649 1632 3700 tur
1651 3679 1676 3716 ‚
1725 3648 1868 3698 nee·
1894 3625 2036 3710 ulla
2051 3626 2257 3697 -illius
2301 3625 2647 3717 parandae·
2666 3625 2775 3696 via
2807 3644 3201 3719 supererat,
3232 3646 3477 3720 resque
3510 3648 3607 3699 eo
3649 3628 3921 3702 tandem
3955 3628 4227 3702 devenir
4260 3647 4339 3700 ut

1523 3757 1769 3850 exigua
1803 3751 2170 3824 admodum
2197 3750 2515 3822 frumenti
2539 3750 2934 3845 hordeique
2964 3753 3171 3844 copia
3192 3771 3609 3846 suppeteret.
3662 3753 3846 3828 Tum
3878 3777 4045 3834 vero
4070 3773 4341 3828 murum

1521 3877 2062 3952 conscenderunt
2083 3875 2366 3950 Franci:
2403 3896 2552 3970 quo
2589 3874 2777 3947 facto
2810 3871 2978 3967 (59)
3008 3877 3249 3947 urbem
3292 3898 3623 3969 ceperunt
3660 3879 3825 3964 feria
3861 3883 4055 3952 tertia
4094 3880 4203 3952 die
4235 3880 4343 3956 viz

1524 4007 1788 4102 gesimo
1821 4021 2068 4098 quarto
2106 4009 2355 4073 mensis
2382 3999 2771 4073 Schaaban.
2849 3995 3192 4072 Tenuerat
3216 3997 3494 4072 obsidio
3538 4021 3801 4076 menses
3840 4001 4139 4076 sedecim
4177 4024 4341 4079 cum

1532 4130 1768 4201 diebus
1793 4129 2062 4202 duobus
2100 4148 2171 4199 et
2191 4129 2462 4224 viginti.
2531 4123 2731 4196 Urbe
2758 4140 2963 4216 capta
2990 4121 3224 4218 gladio
3260 4125 3639 4197 saevierunt
3672 4127 3743 4198 in
3778 4127 4038 4200 incolas
4053 4127 4343 4216 Franci,

1519 4275 1595 4339 et
1609 4257 1682 4339 in
1707 4253 1909 4342 caede
1931 4252 2500 4344 „omnemmodum
2519 4266 2995 4344 excesserunt,
3019 4247 3286 4346 fuitque
3304 4249 3541 4347 ingens
3564 4252 4081 4334 interfectorum
4100 4272 4354 4356 nume>

4190 4398 4331 4455 tu!-
