5242 6192
886 814 933 823 ”
1242 868 1251 877 -
1884 768 2467 917 “(75)

852 1016 1166 1089 consilio,
1206 1014 1399 1075 omnis
1434 1012 1836 1075 machinarum
1879 1010 2283 1073 faciendarum
2323 1012 2503 1087 copia
2541 1021 2603 1070 et
2636 1009 2881 1071 facultas
2919 1007 3146 1072 ademta
3183 1010 3422 1075 fuisset.
3503 1012 3698 1075 Amal·

854 1121 1023 1181 richi
1064 1134 1219 1180 vero
1263 1117 1577 1197 expeditio
1616 1116 1912 1178 docuerat
1952 1133 2123 1195 quam
2147 1118 2388 1193 ineptae
2430 1128 2632 1175 essent
2665 1116 2840 1175 tantis
2874 1116 3069 1191 copiis
3115 1118 3500 1201 continendis
3547 1098 3724 1179 istae¹

847 1227 1017 1287 circa
1065 1224 1437 1299 Dimyatham
1488 1224 1815 1299 angustiae.
1906 1222 2063 1284 Cum
2122 1224 2281 1283 enim
2340 1220 2529 1292 Nilo,
2585 1223 2772 1291 mati,
2833 1222 2968 1279 lacu
3014 1221 3334 1284 Menzaleh
3399 1238 3463 1289 et
3505 1225 3702 1296 urbe,

853 1345 1007 1407 quae
1053 1328 1163 1388 vix
1211 1344 1395 1389 unum
1449 1330 1701 1391 milliare
1744 1344 1779 1388 a
1831 1329 2016 1389 litore
2067 1328 2319 1397 aberat,
2374 1326 2728 1385 obsessores
2775 1322 3040 1401 undique
3105 1325 3239 1387 fere
3285 1330 3474 1389 clausi
3533 1344 3703 1391 teue-

854 1447 1108 1505 rentur,
1162 1433 1321 1491 nulla
1368 1432 1430 1490 in
1480 1433 1726 1495 hostiles
1768 1448 2007 1508 campos
2063 1428 2433 1491 excurrendi
2472 1444 2964 1503 commeatusque
3014 1434 3438 1507 comportandi
3482 1450 3705 1513 oppor-

853 1539 1074 1601 tunitas
1126 1536 1413 1612 dabatur,
1469 1555 1582 1599 nec
1632 1515 2015 1599 inimicorum
2061 1548 2297 1605 sumtu,
2353 1534 2455 1594 sed
2504 1551 2616 1596 suo
2665 1534 2976 1597 vivebant.
3067 1535 3230 1595 Hinc
3276 1540 3490 1612 etiam,
3542 1540 3706 1598 navi-

856 1644 972 1705 bus
1026 1656 1312 1703 annonam
1354 1658 1474 1702 nou
1517 1639 1992 1712 advehentibus,
2053 1641 2237 1699 fames
2286 1640 2557 1701 Grae-cos
2598 1637 2818 1699 milites
2867 1653 2944 1697 eo
2977 1652 3256 1715 tempore
3294 1639 3706 1718 'maximopere

850 1730 1130 1809 vexavit.
1206 1748 1289 1809 At
1325 1745 1523 1805 omnia
1566 1748 1857 1809 contraria
1906 1760 2075 1805 erant
2130 1747 2189 1803 in
2228 1743 2593 1805 occidentali
2639 1746 2813 1820 ripa,
2851 1743 2958 1803 ubi
2997 1760 3108 1804 nec
3159 1748 3540 1821 longissimae
3577 1748 3703 1824 pal-

848 1866 987 1913 mae
1038 1850 1329 1913 machinis
1384 1848 1734 1923 faciendis,
1792 1866 1908 1912 nec
1956 1854 2129 1911 locus
2183 1864 2395 1925 magno
2452 1848 2761 1909 exercitui
2811 1847 3212 1925 explicando,
3270 1867 3388 1911 nec
3453 1849 3706 1928 praedae

848 1954 1113 2032 agendae
1157 1970 1645 2031 commeatusque
1690 1952 2105 2031 comportandi
2150 1956 2405 2014 facultas
2456 1940 2703 2025 deerat,
2747 1968 2884 2014 cum
2941 1954 3224 2015 universa
3269 1957 3492 2030 Delta,
3527 1955 3704 2017 ditis-

856 2060 1000 2122 sima
1038 2059 1297 2136 Aegypti
1336 2060 1699 2135 provincia,
1738 2060 2102 2120 Francorum
2140 2058 2479 2118 incursioni
2506 2072 2760 2132 pateret.

928 2162 1053 2243 (31
1080 2163 1117 2240 )
1155 2165 1361 2224 Turres
1394 2160 1744 2241 erigebant]
1806 2165 1977 2241 Quae
2024 2164 2125 2225 hic
2158 2162 2235 2223 de
2277 2162 2553 2239 pluribus
2586 2160 2858 2222 turribus
2908 2162 3230 2239 leguntur,
3267 2166 3572 2243 pertinere
3605 2165 3704 2222 vi·

852 2267 1071 2329 dentur
1110 2268 1189 2328 ad
1234 2270 1447 2329 irritos
1488 2270 1685 2329 Ducis
1728 2268 2008 2330 Austriae
2031 2310 2052 2341 ,
2098 2267 2686 2355 Hospitalariorum‚
2735 2265 3220 2341 Templariorum
3244 2303 3265 2336 ,
3323 2270 3702 2330 Teutonico·

856 2388 992 2433 rum
1034 2388 1093 2434 et
1128 2372 1463 2435 Frisiorum
1501 2385 1749 2438 conatus
1775 2411 1797 2445 ,
1836 2375 1945 2449 qui
1988 2371 2087 2433 die
2132 2372 2321 2446 prima
2362 2372 2681 2431 Dominica
2713 2384 2852 2445 post
2897 2370 3115 2431 festum
3157 2372 3219 2433 S.
3259 2373 3544 2451 Johannis
3589 2374 3705 2435 Ba-

854 2479 1073 2553 ptistae
1110 2478 1433 2557 (Kalendis
1456 2480 1635 2560 Juliis
1666 2478 1743 2539 A.
1768 2471 1953 2552 1218)
1990 2490 2060 2537 ut
2080 2474 2339 2557 Jacobus
2370 2474 2445 2535 de
2471 2475 2785 2546 vitriaco,
2822 2490 3060 2550 parea
3104 2488 3394 2548 testatur,
3435 2479 3706 2554 quinque

856 2598 1123 2659 cogones
1186 2583 1223 2659 (
1246 2582 1555 2667 koggen)
1588 2582 1815 2657 singuli
1874 2594 2091 2658 nempe
2146 2580 2415 2653 singulos
2440 2576 2483 2653 ,'
2524 2580 2997 2655 propugnaculis
3057 2582 3318 2641 munitos
3370 2579 3443 2641 'ad
3495 2583 3706 2643 turrim

848 2690 1280 2765 applicuerunt
1318 2685 1465 2764 (cf.
1512 2689 1825 2751 oliverius
1864 2703 1924 2748 c.
1956 2688 2015 2749 8.
2064 2702 2129 2761 p.
2162 2698 2305 2761 1403
2324 2680 2384 2759 ).
2461 2681 2621 2742 Cum
2667 2696 2864 2744 autem
2907 2685 3116 2745 classis
3153 2686 3516 2748 Francorum
3557 2688 3713 2747 infra

852 2793 1227 2868 Dimyatham
1264 2796 1323 2853 in
1381 2794 1515 2871 ipso
1559 2794 1817 2855 introitu
1853 2791 1984 2853 Nili
2030 2789 2353 2850 stationem
2406 2801 2657 2863 ageret,
2709 2804 2892 2850 naves
2949 2791 3091 2851 istas
3137 2791 3556 2867 machinasque
3613 2788 3712 2850 ad-

852 2916 1041 2963 verso
1084 2901 1325 2963 flumine
1383 2900 1795 2964 subducendas
1847 2899 2043 2960 fuisse
2095 2911 2375 2973 apparet,
2434 2896 2601 2971 quod
2659 2913 2868 2960 noster
2917 2899 3120 2977 phrasi
3180 2924 3283 3019 ⁸2⁵⁸
3331 2891 3404 2987 [ρ
3457 2924 3707 3007 fflfi.

856 3001 1104 3081 wi
1168 3036 1295 3128 (23
1354 3004 1463 3117 ts„
1518 2998 1821 3115 2351)..ss
1867 3007 2233 3085 expressisse
2278 3004 2541 3071 videtur.
2615 3007 2686 3068 In
2729 3010 3023 3086 proximis
3059 3013 3421 3088 aliquamdiu
3479 3013 3708 3073 subdu..

852 3122 1167 3184 bitavimus
1200 3089 1434 3183 ‘utruiir
1494 3124 1555 3187 in
1628 3124 1837 3183 verbis
1868 3144 2051 3230 1⁸⁶⁶)
2108 3108 2301 3223 &emi
2362 3111 2471 3223 σθ
2506 3109 2692 3231 155·ss
2717 3160 2742 3195 ,
2797 3126 3087 3185 transitus
3143 3124 3230 3183 ad
3305 3119 3592 3183 Kahr'ram
3643 3127 3710 3181 et

851 3231 1223 3333 Mansa„
1264 3233 1340 3294 de
1376 3234 1657 3295 universa
1676 3235 2000 3311 Aegypto,
2034 3248 2106 3292 an
2142 3230 2218 3292 de
2234 3226 2595 3318 Fostiiatha,
2618 3231 3040 3309 achpiendum
3079 3245 3267 3297 esset.
3343 3234 3520 3295 Prius
3553 3250 3708 3310 pro.

854 3343 961 3402 cul
993 3338 1182 3416 dubio
1218 3358 1287 3404 ut
1313 3344 1497 3417 magis
1539 3342 1756 3403 rationi
1782 3356 2251 3406 consentaneum
2290 3320 2670 3416 maluissem,
2703 3344 2818 3401 nisi
2859 3344 3092 3421 linguae
3127 3343 3386 3403 rationes
3429 3344 3704 3405 obstitis-

855 3463 1007 3513 sent.
1080 3450 1233 3513 Nam
1270 3454 1321 3514 si
1354 3456 1697 3530 Aegyptum
1726 3449 2044 3528 designare
2076 3457 2379 3517 voluisset
2410 3466 2664 3526 auctor,
2705 3470 2806 3516 aut
2846 3442 3000 3538 leis,
3036 3469 3136 3515 aut
3180 3440 3413 3541 ῑιιὲιρ..
3451 3454 3701 3513 aliamve

853 3576 1073 3623 vocem
1133 3561 1408 3637 eiusdem
1460 3564 1925 3641 significationis
1974 3562 2347 3636 addidisset,
2403 3578 2539 3621 cum
2566 3586 2728 3665 sn„
2779 3563 2860 3620 ita
2911 3560 3073 3620 nude
3125 3566 3395 3639 positum
3452 3579 3514 3626 et
3565 3540 3704 3627 cum

856 3670 1076 3731 Kahira
1107 3671 1377 3745 iunctum
1414 3674 1768 3731 solenniter·
1798 3687 2128 3749 usurpetur
2167 3668 2243 3729 de
2282 3666 2643 3744 Fosthatha‚
2683 3666 2760 3728 de
2798 3684 2915 3745 qua
2960 3683 3234 3733 nostrum
3281 3676 3454 3736 etiam
3497 3665 3740 3735 locum⁸

855 3777 958 3834 vel
1010 3792 1075 3835 ea
1112 3775 1189 3835 de
1224 3790 1430 3836 caussa
1464 3758 1881 3851 explicandum
1923 3792 2052 3836 esse
2093 3790 2355 3850 censeo,
2396 3774 2557 3851 quod
2606 3790 2792 3836 cruce
2841 3776 3103 3852 signatos
3095 3820 3148 3861 4
3183 3780 3290 3853 qui
3329 3764 3443 3841 sibi
3482 3781 3703 3842 aditum

848 3878 925 3939 ad
962 3878 1237 3940 Kahiram
1273 3891 1335 3939 et
1372 3880 1539 3940 Mesr
1583 3876 1857 3956 patefieri
1894 3879 2258 3956 cupiebant,
2296 3879 2411 3955 jam
2445 3894 2567 3940 tum
2606 3882 2666 3940 in
2701 3882 2831 3957 ipsa
2872 3882 3158 3959 Aegypto
3191 3898 3586 3946 versarentur.

932 3980 1113 4059 (32)
1168 3984 1401 4044 Turrim
1436 4014 1515 4031 -
1552 3987 1695 4044 nam·
1732 4000 1978 4057 magnae
2018 3988 2323 4044 onerariae
2372 3982 2804 4064 imposuerunt]
2867 3988 3317 4049 celeberrimae
3374 3990 3535 4050 illius
3589 4004 3708 4049 ma·

852 4088 1069 4149 c‘ninae
1106 4086 1588 4166 descriptionem
1636 4088 1773 4150 vide
1824 4084 1978 4165 apud
2027 4086 2409 4161 oliverium,
2464 4090 2640 4163 cuius
2694 4093 2966 4152 consiliis
3015 4108 3078 4151 et
3133 4097 3493 4155 auctoritate
3544 4096 3702 4154 illam

852 4192 1065 4254 factam
1106 4208 1243 4253 esse
1294 4194 1453 4255 inter
1504 4195 1655 4253 alios
1708 4206 1958 4254 testatur
2012 4192 2273 4273 Jacobus
2320 4193 2396 4255 de
2434 4195 2756 4273 vitriaco,
2810 4197 2871 4253 in
2914 4196 3105 4275 Epist.
3142 4202 3328 4259 tertia
3367 4198 3451 4260 ad
3480 4199 3702 4263 Honor.

744 4332 747 4335 ·
858 4300 918 4357 in
952 4294 1107 4357 Thes.
1141 4296 1441 4356 Martem‘i
1485 4308 1545 4354 et
1585 4296 1906 4369 Dur-andi,
1960 4296 2038 4357 T.
2075 4296 2188 4358 111.
2229 4314 2291 4372 p.
2330 4314 2470 4373 29⁸·
2546 4300 2870 4359 Caeterum
2923 4301 3019 4361 illa
3075 4300 3310 4363 duobus
3361 4304 3695 4379 cogonibus

864 4401 1267 4476 innitebatur,
1304 4415 1422 4461 non
1461 4403 1567 4461 rma·
1599 4404 1745 4461 navt·
1793 4416 2037 4476 magnae
2076 4404 2420 4475 onerariae,
2458 4415 2527 4463 ut
2576 4416 2792 4463 noster
2831 4402 3098 4471 affirmat.
3174 4407 3273 4470 Sic
3313 4408 3470 4468 enim
3509 4416 3699 4464 voces

2319 4509 2447 4570 Ka
2729 4580 2732 4583 ⁴
3485 4506 3693 4606 Q
