5242 6192
2734 793 2783 902 (
2882 818 2977 896 30
3066 793 3123 901 )

1527 1005 1718 1106 gnita
1740 1057 1765 1092 ,
1797 1002 2046 1078 Franci
2081 1003 2266 1076 circa
2295 998 2647 1088 idemssfere
2676 1017 2950 1094 tempus
2984 997 3295 1072 celeriter
3325 987 3870 1076 tetenderunt-ad
3898 1005 4137 1079 urbem
4163 1025 4335 1098 ,.et,

1527 1129 1802 1205 nemine
1839 1149 2260 1228 repugnante
2308 1147 2426 1200 aut
2477 1126 2893 1220 prohibente
2914 1178 2939 1215 ,
2992 1129 3062 1198 in
3110 1127 3255 1219 rIpa
3290 1126 3608 1200 orientali
3654 1137 4100 1206 castrametati
4138 1154 4337 1220 sunt,

1507 1249 1706 1354 ’(48)
1749 1259 1922 1330 feria
1957 1260 2194 1344 tertia,
2225 1255 2336 1325 die
2375 1253 2653 1324 decimo
2696 1271 2896 1327 sexto
2940 1251 3180 1326 Dzoul
3222 1250 3531 1342 Kaadae,
3556 1275 3628 1327 et
3666 1259 4002 1354 quidqmd
4035 1264 4118 1332 in.
4138 1261 4349 1334 Mos-

1527 1386 1866 1458 lemurum
1909 1383 2146 1456 castris
2185 1379 2687 1473 reperiebatur,
2736 1379 3203 1475 dir1puerunt,
3252 1381 3569 1474 praedam
3606 1387 3795 1456 omni
3832 1363 4344 1460 enumeratione

1527 1510 1957 1604 ampliorem.
2039 1508 2320 1603 Magnis
2347 1507 2616 1580 interim
2650 1508 3161 1603 suspicionibus
3195 1507 3575 1604 agitabatur
3602 1509 3959 1600 Sulranus,
3994 1531 4065 1584 et
4101 1535 4341 1606 parum

1525 1637 1756 1708 aberat
1809 1638 1977 1730 quin
2024 1653 2309 1731 regnum
2357 1634 2987 1723 missum-facerem
3040 1654 3197 1707 cum
3246 1635 3333 1705 ab
3380 1635 3589 1708 altera
3636 1639 3965 1731 parte-ab
4016 1638 4347 1712 omnibus

1529 1765 1670 1835 suis
1715 1765 2088 1836 comitibus
2133 1762 2263 1834 sibi
2323 1742 2576 1834 malum
2626 1739 2940 1850 timeret,
3012 1761 3099 1833 ab
3154 1760 3363 1834 altera
3420 1761 3669 1836 Franci
3714 1768 3960 1861 magis‘
3991 1768 4347 1861 magisque

1521 1889 1870 1986 Aegypto
1904 1891 2276 1978 inhiarent,
2311 1888 2638 1984 illamque
2674 1909 2885 1962 totam
2916 1909 3082 1962 mox
3112 1887 3242 1960 sibi
3282 1863 3621 1962 cessuram
3660 1909 3806 1962 esse
3838 1891 4338 1964 arbitrarentur.

1524 2015 1664 2089 Sed
1706 2015 1904 2088 Deus
1945 2015 2039 2088 Ο.
2074 2015 2189 2088 Μ.
2237 2015 2597 2111 adjuvabat
2632 2031 2854 2087 tamen
2895 2015 3329 2104 Moslemos,
3358 2015 3858 2110 Sultanumque
3894 2017 4349 2090 confirmabat

1523 2142 1816 2214 adventu
1862 2142 2086 2215 fratris
2135 2140 2225 2213 Al
2279 2135 2550 2216 Maleki
2596 2141 2662 2213 al
2708 2140 3234 2215 Moadhdhami.
3336 2139 3507 2240 Quo
3554 2141 3642 2214 ad
3687 2143 4116 2217 Aschmoum
4155 2140 4351 2214 Tha-⁴

1522 2268 1656 2340 nah
1703 2267 2072 2348 accedente
2095 2320 2120 2357 ,
2167 2269 2384 2342 robur
2428 2267 2618 2368 illius
2673 2270 3141 2364 ingravescere
3188 2270 3534 2362 animique
3587 2280 3893 2342 crescere
3935 2285 4343 2362 coeperunt.

1522 2393 1709 2472 Nam
1761 2393 1825 2469 al
1869 2395 2430 2470 Moadhdhamus
2477 2418 2520 2466 a
2572 2393 2783 2467 fratre
2839 2398 3095 2468 certior
3136 2395 3380 2473 factus.
3406 2415 3691 2484 eorum,
3761 2415 3935 2490 quae
3984 2394 4345 2466 moliretur
4462 2416 4467 2424 ·

1520 2517 1654 2593 lbn
1705 2520 1772 2592 al
1824 2520 2252 2594 Meschtoub
2273 2571 2298 2608 ,
2353 2539 2426 2592 se
2473 2521 2844 2593 confestim
2908 2540 3129 2592 tantae
3186 2520 3541 2592 molestiae
3597 2519 3802 2593 finem
3857 2511 4341 2615 impositurum

1517 2649 1860 2740 promisit.
1889 2647 1922 2740 .(
1935 2651 2066 2742 49)
2117 2647 2301 2721 Tum
2340 2665 2724 2720 conscenso
2764 2665 2950 2737 equo
2978 2648 3278 2740 perrexit
3314 2645 3400 2718 ad
3436 2650 3805 2720 tentorium
3820 2646 3949 2720 Ibn
3968 2646 4033 2720 al
4049 2646 4341 2720 Mesch-

1526 2775 1771 2862 toubi,
1819 2793 2115 2868 eumque
2158 2777 2520 2864 evocavit,
2573 2793 2655 2847 ut
2699 2795 2851 2846 una·
2876 2787 3109 2846 secum
3144 2771 3481 2868 equitaret
3514 2773 4159 2870 profectionemque
4192 2793 4345 2846 sus·

1524 2901 1806 2993 ciperet.
1919 2901 2118 2973 Alter
2165 2905 2492 2995 tantisper
2545 2897 2777 2974 morae
2820 2902 3023 2996 petiit
3048 2949 3074 2991 ‚
3143 2899 3371 2973 donec
3424 2917 3661 2972 ocreas
3704 2919 4064 2996 vestesque
4118 2899 4349 2993 equiti-

1522 3025 1800 3099 idoneas
1859 3027 2225 3100 induisset:
2279 3030 2494 3125 quod·
2531 3034 2664 3130 ipsi
2707 3050 2851 3101 non
2894 3028 3239 3101 concessit
3292 3026 3357 3098 al
3400 3013 3997 3115 Moadhdhamus,
4040 3041 4339 3117 eumque

1437 3135 1446 3142 ’
1519 3171 1770 3250 urgere
1801 3175 1942 3226 non
1975 3155 2174 3227 desiit
2198 3206 2221 3243 ‚
2273 3153 2499 3233 donec
2533 3169 2791 3253 equum
2830 3153 3341 3230 conscenderet.
3438 3149 3627 3224 Dein
3662 3152 4010 3226 hominem
4041 3170 4229 3223 extra
4270 3147 4363 3224 al.

1521 3275 1798 3354 Cameli
1848 3297 2060 3354 eastra
2103 3281 2384 3356 abduxit
2425 3288 2631 3379 eique
2680 3284 2892 3356 dixit:
2945 3279 3057 3353 Tu
3082 3330 3107 3369 ,
3160 3303 3207 3352 ο
3237 3271 3671 3352 Emadoddin
3692 3329 3719 3368 ‚
3767 3279 3951 3369 hoc,
4002 3271 4353 3375 quidquid*

1522 3423 1630 3477 est
1664 3409 1903 3502 regul,
1927 3408 2023 3478 ·in
2069 3427 2182 3480 tua
2217 3425 2564 3503 potestate
2615 3405 2825 3482 habes
2847 3421 2877 3480 τ’
2918 3421 3075 3506 'ego
3126 3429 3297 3480 vero
3348 3405 3533 3478 illud
3564 3397 3769 3478 nobis
3820 3381 4337 3478 concedendum

1520 3551 1670 3604 esse
1719 3551 1991 3610 censeo·
2061 3533 2270 3608 -·Tum
2319 3539 2456 3631 ipsi
2493 3555 2957 3612 commeatum
2995 3534 3224 3624 dedit,
3276 3523 3763 3626 fidissimisque
3792 3532 4127 3604 comitum
4175 3548 4353 3603 suo-f

1523 3657 2552 3737 rum·dtrcem·m·custodiam·
2587 3661 2859 3738 tradidit
2877 3661 3206 3759 ,quibus
3254 3660 3611 3755 praecepit
3652 3676 3734 3732 ut
3781 3659 3999 3732 virum
4046 3677 4181 3752 per
4220 3655 4343 3730 de-

1519 3803 1774 3860 sertum
1813 3783 2264 3878 deducerent,
2325 3781 2457 3864 ne'c
2508 3795 2697 3885 prius
2750 3792 2837 3863 ab
2888 3811 2983 3864 eo
3030 3789 3494 3875 discederent,
3548 3782 3581 3876 (
3597 3785 3746 3882 50)
3790 3807 4017 3881 ·quam
4067 3783 4357 3876 Syriam·

1399 4009 1428 4017 ἢ
1521 3909 1927 4005 reliquisset.
2003 3911 2154 4014 -Ibn
2184 3915 2247 3988 al
2273 3916 2711 3994 Meschtoub‘
2752 3939 2892 3993 non
2928 3920 3165 4013 potuit
3190 3899 3707 4010 quin'obediret
3738 3911 3805 3984 al
3834 3909 4361 3986 Moadhdhami'

1519 4031 1820 4134 imperiis
1842 4090 1869 4127 ,
1930 4035 2104 4112 narn'
2145 4040 2334 4114 solus
2395 4064 2553 4118 cum
2605 4064 2789 4118 esset
2807 4095 2832 4130 ,
2897 4040 3319 4138 repugnandi
3370 4056 3779 4134 potestatem
3838 4039 3971 4110 sibi
4024 4035 4333 4110 relictam
4390 4052 4409 4058 “

1516 4183 1661 4236 non
1700 4181 1846 4235 esse
1885 4165 2182 4242 videbat.
2283 4169 2478 4267 Ergo
2511 4173 2808 4264 primum
2840 4167 3243 4242 Hamatham
3284 4167 3658 4253 deductus,
3710 4185 3875 4238 mox
3912 4167 3981 4238 in
4016 4159 4355 4264 regiones·

1518 4285 1881 4364 orientales
1919 4291 2112 4368 abiit.
2219 4293 2745 4396 Quoablegato
2774 4295 2977 4372 rediit
2998 4294 3065 4370 al
3102 4291 3660 4370 Moadhdhamus
3698 4292 3785 4367 ad
3814 4290 3882 4366 al
3920 4287 4331 4484 Camelugnf

1559 4445 1601 4474 .,
1744 4454 1752 4459 .
4226 4428 4331 4485 ra·
