5242 6192
2767 706 3158 811 (78)

1539 896 1826 996 risiensis⁸
1844 929 1907 988 p.
1934 911 2071 989 796.
2104 926 2169 970 v,
2187 921 2261 982 23
2276 947 2297 982 ,
2332 907 2435 967 ubi
2458 908 2520 969 in
2554 908 2806 985 epistola
2834 908 3082 985 quadam
3107 909 3468 971 Mansourali
3491 952 3511 985 ‚
3533 910 3822 989 oppidum
3849 920 4036 979 muris
4069 922 4388 1000 portisque

1537 1021 1843 1089 clausum,
1880 1017 2066 1076 casale
2106 1016 2471 1097 appellatur.
2558 1014 2862 1075 Nostrum
2903 1017 3088 1076 casale
3124 1016 3375 1074 milliare
3415 1018 3486 1076 ab
3526 1018 3680 1076 urbe
3723 1019 3942 1083 distare
3987 1021 4144 1085 dicit
4179 1026 4390 1089 Olive-

1544 1129 1670 1184 rius
1722 1140 1781 1184 c.
1810 1137 1875 1203 7.
1926 1141 1993 1199 p.
2034 1137 2202 1200 1402.
2256 1135 2315 1182 et
2360 1138 2421 1185 c.
2464 1137 2556 1185 12.
2609 1139 2674 1198 p.
2731 1122 2900 1199 1408.
3005 1120 3306 1197 Imprimis
3347 1136 3546 1181 autem
3585 1125 3907 1187 observatu
3972 1126 4214 1203 dignum
4255 1145 4386 1205 est,

1538 1233 1741 1289 locum
1768 1230 1821 1288 al
1842 1225 2187 1303 Adeliyyeh
2220 1224 2449 1287 dictum
2472 1266 2492 1299 ,
2531 1228 2593 1285 in
2618 1226 2846 1287 Tabula
2877 1228 3106 1302 Geogr.
3137 1228 3191 1286 X
3229 1227 3408 1287 Tomi
3441 1229 3619 1303 primi
3641 1230 4040 1292 Niebubriani
4073 1249 4104 1292 a
4135 1234 4392 1297 meridie

1540 1334 1893 1411 Dimyathae
1933 1331 2263 1393 hodiernae
2320 1333 2628 1407 reperiri,
2685 1340 2816 1393 non·
2853 1336 3044 1393 multo
3102 1334 3334 1393 minore
3385 1334 3742 1407 intervallo,
3781 1348 3850 1393 ut
3887 1316 4176 1410 videtur,
4219 1356 4250 1397 a
4287 1358 4392 1401 no-

1536 1456 1613 1499 va
1636 1483 1656 1512 ‚
1697 1456 1869 1513 quam
1906 1440 2040 1512 illa,
2070 1438 2147 1499 de
2194 1454 2307 1514 qua
2339 1427 2613 1515 agimus,
2650 1436 2998 1513 Adeliyyeh
3041 1455 3074 1498 a
3107 1440 3305 1499 veteri
3339 1440 3527 1510 urbe,
3567 1437 3904 1504 diremtum.
3981 1443 4168 1517 Nam,
4206 1460 4272 1505 ut
4303 1463 4379 1507 ex

1534 1545 1669 1621 ipso
1694 1545 2017 1605 Itinerario
2052 1562 2116 1620 p.
2149 1545 2230 1621 76
2268 1558 2556 1621 apparet,
2596 1543 2754 1603 inter
2787 1542 3160 1618 Dimyatham
3198 1558 3258 1605 et
3295 1542 3624 1620 Adeliyyeh
3665 1543 3785 1605 duo
3817 1545 3988 1605 etiam
4025 1549 4162 1623 pagi
4199 1550 4392 1609 inter·

1526 1648 1751 1724 iacent.
1826 1648 2218 1725 Quapropter
2244 1687 2265 1719 ‚
2304 1650 2424 1710 nisi
2471 1650 2635 1710 forte
2670 1636 2894 1725 pu'tes,
2933 1648 3281 1725 Adeliyyeh
3322 1666 3443 1709 non
3481 1649 3717 1724 minus,
3758 1666 3930 1728 quam
3981 1653 4164 1727 ipsam
4210 1654 4388 1715 Dim·

1528 1756 1809 1831 yatham,
1857 1756 2059 1814 locum
2095 1767 2393 1827 mutasse,
2442 1769 2598 1831 quae
2645 1753 2856 1831 opinio
2897 1771 2990 1815 me
3048 1770 3222 1817 certe
3271 1756 3684 1818 assentientem
3737 1772 3858 1817 non
3906 1755 4193 1833 habebit3
4231 1758 4388 1820 illud

1530 1872 1687 1917 vero
1736 1862 2074 1937 proximum
2130 1874 2262 1921 esse
2326 1860 2734 1935 existimabis,
2791 1874 3062 1923 veterem
3111 1863 3324 1921 urbem
3385 1875 3448 1922 et
3505 1877 3716 1921 novam
3769 1878 3890 1921 non
3951 1866 4123 1939 plane
4175 1862 4390 1926 eodem

1530 1962 1774 2039 quidem
1820 1965 1963 2045 loco
1999 1966 2393 2041 quaerendam
2430 1982 2565 2027 esse
2602 1962 2802 2041 (cum
2849 1964 3078 2025 diserte
3139 1979 3403 2025 testetur
3443 1965 3828 2037 Makrizius‚
3883 1970 4065 2029 nullis
4108 1972 4388 2045 vestigiis

1526 2069 1745 2140 urbis,
1804 2082 2065 2145 excepto
2120 2072 2350 2147 templo
2390 2074 2661 2149 majore,
2703 2071 2980 2143 relictis,
3030 2086 3246 2129 novam
3299 2067 3514 2129 urbem
3571 2071 3872 2146 paullatim
3921 2086 4000 2131 ex
4049 2076 4304 2149 tuguriis
4353 2091 4386 2134 a

1523 2172 1779 2249 meridie
1816 2176 2035 2238 veteris
2086 2174 2296 2251 oppidi
2351 2178 2572 2253 positis
2625 2174 3103 2252 succrevisse),
3142 2189 3200 2237 at
3245 2175 3428 2235 situm
3477 2188 3672 2238 tamen
3706 2178 4038 2253 utriusque.
4067 2192 4382 2255 perparum

1523 2278 1763 2339 differre
1798 2291 1860 2338 et
1889 2294 2103 2341 novam
2124 2281 2491 2359 Dimyatham
2516 2286 2740 2345 sensim
2771 2284 3024 2356 aliquam
3053 2290 3286 2355 partem
3325 2278 3480 2349 soli,
3522 2278 3584 2336 in
3617 2296 3740 2353 quo
3775 2295 3954 2342 vetus
3999 2275 4252 2343 steterat
4278 2297 4388 2343 oc·

1528 2400 1798 2461 cupasse.
1854 2385 2071 2445 Exstat
2098 2384 2295 2446 adhuc
2315 2428 2337 2458 ,
2376 2390 2469 2447 uti
2512 2404 2589 2447 ex
2627 2386 3210 2448 Tab.Niebuhriana
3242 2383 3358 2445 Vll
3386 2398 3670 2458 apparet,
3705 2387 3767 2445 in
3799 2387 3991 2449 media
4021 2388 4173 2448 urbe
4205 2389 4379 2451 locus

1522 2496 1579 2554 al
1614 2492 1959 2563 Minschie,
1997 2498 2097 2556 vel
2131 2498 2335 2572 potius
2364 2499 2417 2557 al
2454 2496 2902 2572 Manschiyyeh
2947 2482 3304 2583 (ig-ml)
3355 2494 3728 2569 appellatus,
3765 2497 3930 2572 quod
3991 2513 4128 2557 cum
4180 2498 4378 2572 ipsum

1524 2620 1740 2664 nomen
1780 2620 1968 2665 novae
2006 2606 2357 2681 Dimyathae
2409 2603 2481 2663 ab
2522 2604 2700 2665 initio
2741 2606 2926 2667 fuerit
2949 2645 2969 2678 ,
3008 2603 3080 2663 ab
3121 2620 3198 2665 eo
3233 2602 3544 2678 principio
3579 2600 3850 2664 aedificia
3887 2606 4102 2681 partim
4143 2606 4204 2665 iu
4241 2621 4378 2683 sep·

1524 2711 1924 2782 tenti-ionem,
1961 2708 2069 2769 ubi
2113 2709 2389 2771 nonnulli
2444 2710 2672 2770 veteris
2730 2710 2902 2771 urbis
2945 2711 3070 2771 vici
3114 2709 3394 2780 fuerant,
3435 2708 3643 2784 partim
3687 2710 3746 2769 in
3782 2708 4094 2771 meridiem
4143 2724 4206 2769 et
4239 2714 4378 2772 loca
4423 2767 4432 2777 .

1522 2816 1702 2875 nullis
1738 2830 1871 2876 ante
1911 2813 2185 2877 domibus
2232 2814 2652 2890 frequentata,
2693 2828 2760 2875 se
2811 2813 3162 2899 extendisse
3203 2812 3558 2874 verosimile
3612 2827 3726 2893 est.
3804 2813 3988 2892 Quod
4027 2830 4175 2893 ergo
4225 2832 4382 2887 nova

1525 2922 1877 2999 Dimyatha,
1934 2936 2089 2982 teste
2126 2920 2470 2981 Niebuhrio
2524 2922 2645 2984 1.1.
2699 2937 2763 2995 p.
2799 2896 2922 2991 '66,
2973 2920 3100 2981 duo
3140 2920 3389 2979 circiter
3446 2918 3713 2979 milliaria
3757 2921 4151 2993 Germanica,
4204 2936 4379 2982 vetus

1524 3040 1747 3085 tautum
1786 3042 1967 3085 unum
2022 3026 2273 3085 milliare
2342 3024 2712 3087 ordinarium
2775 3041 2809 3083 a
2869 3026 3020 3085 mari
3080 3036 3310 3083 remota
3359 3022 3595 3094 fuerit,
3649 3023 3708 3083 id
3759 3028 3964 3101 potius
4027 3043 4164 3087 cum
4227 3044 4412 3098 nom.

1528 3131 1709 3191 nullis
1762 3128 2198 3188 recentioribus
2256 3132 2639 3208 Geographis
2703 3145 2763 3191 et
2825 3130 3286 3191 Itineratoribus
3339 3144 3415 3188 ex
3467 3142 3685 3190 mutata
3732 3130 3934 3191 litoris
3973 3132 4378 3210 Aegyptiaci,

1524 3226 1699 3295 noiris
1752 3230 2099 3293 idemtidem
2150 3234 2607 3295 accessionibus
2655 3237 2863 3308 aucti,
2921 3250 3168 3305 natura,
3222 3231 3614 3309 repetendum
3686 3236 4010 3311 existimo,
4069 3254 4240 3313 quam
4300 3252 4376 3297 ex

1525 3340 1879 3401 diversitate
1936 3339 2086 3397 situs
2159 3338 2387 3399 veteris
2440 3340 2794 3415 Dimyathae
2857 3356 2917 3400 et
2971 3356 3206 3412 novae,
3259 3338 3424 3415 quod
3473 3356 3608 3399 cum
3659 3343 3793 3401 ‘aliis
3855 3341 4057 3402 facere
4109 3343 4378 3418 placuit,

1528 3461 1651 3507 tum
1688 3460 1881 3520 nuper
1914 3440 2226 3501 admodum
2272 3442 2670 3515 MichaudiO,
2710 3444 2814 3519 qui
2838 3444 2918 3501 -in
2967 3442 3192 3503 Tabula
3231 3444 3582 3519 Dimyathae
3626 3458 3688 3505 et
3723 3447 4002 3505 locorum
4055 3445 4380 3521 circumja-

1527 3551 1835 3620 centium,
1895 3547 2193 3607 Historiae
2244 3565 2383 3609 suae
2436 3549 2739 3609 bellorum
2793 3566 2826 3608 a
2883 3564 3067 3611 cruce
3119 3550 3360 3623 signatis
3411 3564 3720 3623 gestorum
3771 3549 3898 3627 (Τ.
3935 3551 4055 3616 111.
4111 3570 4175 3627 p.
4209 3554 4376 3629 455)

1525 3657 1788 3726 inserta,
1829 3650 1973 3710 duas
2022 3653 2204 3714 urbes
2240 3669 2271 3711 a
2313 3669 2378 3713 se
2420 3653 2680 3713 invicem
2721 3654 2941 3729 insigni
2980 3655 3304 3715 ‘intervallo
3345 3656 3654 3730 separavit.

1606 3756 1786 3836 (36)
1839 3760 2144 3833 Tum-isque
2168 3760 2298 3833 jam
2332 3770 2607 3835 quartum
2643 3776 2880 3819 mensem
2925 3754 3176 3818 hostibus
3221 3754 3632 3835 repugnabat]
3695 3756 3864 3817 Haec
3905 3759 4108 3836 primo
4158 3757 4374 3835 adspe-

1522 3880 1627 3924 ctu
1665 3856 1920 3923 mirifice
1950 3860 2295 3923 confirmari
2334 3862 2615 3924 videntur
2650 3863 2858 3925 verbis
2891 3864 3105 3942 Jacobi
3153 3861 3229 3921 de
3267 3864 3576 3931 vitriaco.
3619 3862 3812 3938 Epist.
3843 3861 3914 3921 II
3941 3860 4024 3921 ad
4055 3864 4372 3922 Honor-ium

1520 3974 1563 4034 l.
1596 3976 1641 4033 l.
1679 3989 1743 4048 p.
1770 3985 1879 4045 291
1926 3968 2002 4030 E.
2052 3967 2376 4030 Mansimus
2404 3981 2599 4030 autem
2633 3976 2696 4030 {n
2727 3967 3036 4045 praedicta
3069 3967 3264 4027 insula
3295 3976 3546 4041 quatuor
3583 3967 3860 4025 mensibus
3907 3964 4129 4025 detenti
4172 3970 4234 4025 e‘n
4280 3985 4383 4026 ex-

1516 4079 1867 4152 pugnatione
1896 4077 2085 4134 turris
2122 4074 2417 4153 cujusdam
2455 4078 2642 4137 mirae
2664 4066 3065 4149 fortitudinis.
3141 4068 3222 4129 At
3263 4068 3650 4129 nihilominus
3696 4069 3982 4145 audacter
4021 4068 4374 4130 affirmamus

1520 4182 1677 4240 illam
1726 4179 2015 4255 temporis
2057 4176 2535 4256 designationem
2585 4194 2794 4241 veram
2845 4192 2977 4238 esse
3037 4190 3156 4234 non
3209 4191 3413 4251 posse.
3511 4175 3754 4252 Quippe
3805 4176 4065 4253 scriptae
4127 4175 4373 4235 fuerunt

1494 4286 1631 4346 ‘hae
1652 4326 1674 4361 ‚
1715 4298 1859 4359 quas
1903 4281 2308 4360 laudavimus,
2345 4285 2559 4367 Jacobi
2598 4285 2808 4348 literae
2845 4286 2906 4347 in
2948 4282 3161 4347 castris
3196 4276 3356 4359 apud
3387 4280 3798 4357 Dimyatham,
3831 4278 3934 4343 die
3969 4296 4190 4343 octavo
4230 4294 4370 4357 post

4244 4382 4368 4443 Ex·
