5242 6192
2710 658 3098 759 (86)

1478 864 1881 941 Dimyathena
1926 857 2243 923 obsidione
2268 897 2291 929 ,
2331 869 2595 921 catenam
2624 856 2788 916 navis
2827 870 3018 931 opera
3057 856 3302 919 fractam
3339 869 3474 918 esse
3509 870 3718 933 parum
3749 862 4094 923 verosimile
4139 868 4316 931 nubis

1482 970 1840 1039 videbitur,
1880 980 2017 1029 cum
2064 960 2217 1027 illud
2252 963 2497 1025 minime
2549 962 2953 1023 necessarium
3003 960 3197 1031 foret,
3239 975 3301 1022 et
3337 976 3370 1019 a
3413 960 3700 1021 militibus
3735 966 3947 1027 turrim
3993 983 4332 1047 expugnas.

1484 1076 1642 1137 tibus
1686 1074 1864 1133 facile
1908 1068 2122 1148 perfici
2167 1082 2397 1145 posset.
2508 1068 2605 1128 Sic
2661 1080 2804 1143 ergo
2852 1068 2912 1125 in
2965 1079 3214 1141 utroque
3259 1069 3538 1143 exemplo
3569 1065 3648 1127 ad
3699 1071 3928 1131 veteris
3965 1076 4326 1136 narrationis

1488 1178 1933 1254 simplicitatem
1977 1187 2192 1251 sponte
2236 1173 2599 1243 relabimur,
2639 1184 2791 1246 quae
2841 1169 2902 1227 in
2956 1170 3104 1228 belii
3147 1169 3533 1246 Dimyatheni
3579 1172 3824 1234 historia
3877 1190 4040 1237 tanto
4091 1176 4330 1241 facilius

1485 1299 1621 1343 eum
1660 1286 1717 1341 in
1750 1277 1991 1343 modum
2035 1280 2349 1355 corrumpi
2392 1276 2632 1353 potuit,
2668 1256 2892 1350 quanto
2933 1274 3070 1351 plus
3106 1271 3181 1333 ad
3223 1276 3440 1335 turrim
3481 1278 3922 1355 expugnandam
3963 1295 4330 1359 portumque

1484 1389 1836 1464 Dimyathae
1891 1382 2277 1463 aperiendum
2336 1382 2668 1443 contulerit
2718 1379 2989 1441 machina
3023 1382 3302 1453 navalis,
3354 1381 3834 1445 Teutonicorum
3887 1398 3946 1443 et
3989 1385 4328 1461 Hismarus,

1484 1492 1652 1571 (quo
1673 1492 1913 1551 nomine
1949 1504 2069 1551 tum
2105 1489 2397 1567 temporis
2422 1502 2603 1563 saepe
2627 1486 2946 1563 populares
2966 1486 3159 1547 nostri
3189 1488 3474 1547 universe
3507 1486 4008 1566 designabantur)
4033 1503 4106 1559 ⁴et
4133 1506 4328 1565 opere

1488 1598 1771 1657 confecta
1820 1608 1883 1655 et
1923 1594 2242 1657 sumtibus.
2320 1593 2543 1669 Neque
2588 1604 2746 1650 vero
2781 1591 2960 1651 etiam
3006 1591 3120 1649 alia
3159 1592 3338 1653 nobis
3373 1606 3724 1667 argumenta
3767 1593 4018 1666 desunt,
4061 1610 4212 1670 quae
4259 1610 4327 1657 ut

1482 1700 1766 1775 insignem
1819 1696 2147 1759 traditionis
2205 1698 2670 1773 corruptionem
2725 1693 3171 1781 demonstrant,
3230 1697 3325 1771 ita]
3367 1698 3527 1761 illius
3582 1698 3730 1759 labis
3783 1700 4162 1776 probabilem
4216 1702 4325 1761 ali·

1395 1824 1407 1840 ·
1482 1822 1656 1881 quam
1699 1820 1963 1865 caussam
2008 1803 2349 1865 ostendunt.
2426 1806 2579 1867 Nam
2621 1798 2786 1881 quod
2818 1798 2889 1859 ad
2920 1804 3084 1879 prius
3117 1803 3365 1875 attinet,
3407 1804 3666 1883 Joannes
3712 1819 3745 1861 a
3779 1803 4002 1881 Leydis
4035 1820 4156 1865 non
4197 1820 4326 1865 tan·

1486 1921 1611 1967 tum
1662 1911 1723 1967 in
1759 1910 1851 1969 rei
1897 1912 2131 1969 ratione
2176 1906 2607 1983 describenda,
2667 1904 2776 1967 sed
2827 1908 3006 1966 etiam
3059 1908 3119 1965 in
3179 1909 3338 1967 illius
3391 1923 3666 1985 tempore
3706 1907 4050 1970 definiendo
4099 1906 4246 1969 adeo
4291 1922 4326 1967 a

1486 2028 1641 2072 vero
1681 2012 2019 2087 aberravi-t,
2058 2026 2128 2072 ut
2167 2010 2621 2089 expeditionem
2661 2010 2825 2069 istam
2853 2024 2971 2069 non
3003 2008 3076 2069 ad
3111 2026 3324 2069 annum
3357 2014 3544 2081 1218,
3579 2011 3686 2073 sed
3723 2014 3905 2083 1188,
3941 2013 4208 2075 referret
4241 2026 4328 2074 at·

1484 2132 1608 2191 que
1661 2132 1812 2190 ergo
1871 2118 2247 2178 obsidionem
2308 2117 2728 2177 Acconensem
2775 2130 2912 2175 cum
2967 2113 3362 2189 Dimyathena
3403 2112 3838 2179 confunderet.
3945 2116 4015 2177 In
4069 2115 4326 2179 eundem

1483 2220 1992 2284 anachronismum
2042 2221 2271 2297 delapsi
2330 2236 2469 2281 sunt
2526 2220 2814 2295 Belgicae
2864 2219 3154 2303 historiae
3207 2220 3544 2295 scriptores
3594 2222 3962 2283 vetustiores
4021 2223 4324 2297 plerique.

1487 2328 1734 2389 Eri-oris
1781 2341 1975 2387 autem
2027 2326 2203 2401 origo
2260 2321 2601 2400 quaerenda
2661 2338 2756 2384 est
2819 2323 2882 2381 in
2943 2322 3190 2398 quadam
3260 2322 3509 2387 duarum
3571 2327 3815 2387 istarum
3871 2324 4328 2404 expeditionum

1486 2432 1901 2493 slmilitudine.
1979 2431 2237 2503 Utrique
2285 2428 2444 2487 enim
2494 2427 2856 2487 Guilielmus
2905 2425 3258 2488 Hollandiae
3307 2432 3592 2506 princeps
3633 2432 3952 2505 interfuit,
4005 2434 4066 2493 iu
4118 2430 4330 2507 priore

1484 2547 1715 2609 patrem
1764 2545 2009 2591 secutus
2034 2572 2055 2603 ‚
2096 2531 2157 2589 in
2197 2530 2541 2605 posteriore
2574 2532 2834 2599 Comitis
2883 2544 3187 2607 potestate
3237 2531 3512 2595 subditos
3549 2548 3760 2597 secum
3805 2535 4070 2598 trahens.
4146 2535 4330 2595 Utri-

1491 2654 1612 2716 que
1672 2616 1843 2697 etiam
1889 2634 2260 2697 Fredericus
2312 2636 2467 2713 Imp.
2506 2648 2726 2695 nomen
2779 2632 3071 2711 dederat,
3126 2636 3324 2711 priori
3375 2639 3780 2714 Barbarossa,
3819 2641 3928 2717 qui
3965 2638 4145 2700 fidem
4191 2654 4334 2715 pro·

1489 2744 1657 2803 missi
1700 2755 2026 2803 exsecutus
2080 2754 2212 2811 est,
2268 2740 2604 2817 posteriori
2645 2738 3000 2800 Fridericus
3049 2739 3396 2815 secundus,
3451 2744 3560 2820 qui
3604 2746 3828 2807 auxilia
3876 2742 4120 2820 quidem
4165 2744 4327 2805 misit

1432 2874 1437 2883 ·
1488 2862 1624 2907 cum
1660 2846 1896 2907 vicario
1936 2861 2048 2905 suo
2098 2847 2382 2907 Bavariae
2413 2848 2587 2908 Duce
2616 2882 2641 2917 ,
2678 2847 2810 2921 ipse
2857 2860 3009 2906 vero
3045 2847 3105 2907 in
3145 2846 3460 2909 Orientem
3505 2862 3584 2909 eo
3619 2848 3856 2924 quidem
3893 2862 4168 2926 tenpore
4203 2862 4326 2907 non

1486 2954 1751 3013 transiit.
1827 2951 1981 3027 Quis
2026 2950 2211 3023 igitur
2250 2966 2372 3011 nou
2406 2950 2585 3011 facile
2629 2950 2790 3011 ferat
2827 2949 3157 3031 joannem,
3197 2951 3472 3013 ducentis
3507 2955 3674 3015 annis
3722 2970 3790 3013 re
3823 2968 3990 3026 gesta
4023 2953 4328 3027 juniorem

1498 3068 1563 3113 et
1614 3057 1719 3114 vix
1772 3047 2162 3117 mediocriter
2218 3055 2557 3126 eruditum,
2626 3054 2738 3115 hac
2795 3054 2942 3115 falsa
3003 3057 3216 3133 specie
3281 3058 3340 3117 in
3397 3070 3662 3117 errorem
3717 3054 4038 3119 abductum
4091 3056 4327 3118 fuisset

1501 3156 1687 3237 Quod
1724 3160 1776 3218 si
1819 3155 1964 3221 illud
2004 3159 2267 3235 denique
2311 3161 2705 3237 quaerimus,
2741 3156 2820 3218 de
2863 3174 2986 3234 quo
3025 3158 3444 3235 exponendum
3477 3174 3706 3235 restat,
3744 3176 3894 3236 quae
3941 3176 4148 3223 caussa
4179 3174 4327 3218 eun·

1492 3264 1630 3325 dem
1672 3263 2052 3341 permoverit
2104 3276 2173 3321 ut
2227 3265 2638 3337 nostratibus,
2679 3263 3170 3327 Harlemensibus
3218 3269 3504 3340 maxime,
3557 3266 3708 3327 belli
3755 3266 4019 3329 feliciter
4057 3262 4331 3323 confecti

1422 3378 1429 3385 ‘
1496 3371 1750 3447 gloriam
1779 3365 2196 3444 adscriberet,
2221 3367 2362 3427 item
2390 3381 2461 3423 an
2484 3366 2626 3441 jure
2661 3366 2808 3424 iliud
2845 3368 3104 3442 fecerit,
3139 3386 3200 3431 et
3235 3386 3418 3445 quare
3455 3384 3670 3431 contra
3703 3368 4038 3441 aequalium
4065 3369 4328 3445 scripto·

1410 3536 1425 3551 ‚
1498 3492 1631 3535 rum
1680 3474 2133 3543 testimonium,
2186 3473 2351 3532 navis
2397 3483 2666 3531 catenam
2721 3470 3046 3545 frangentis
3092 3485 3276 3545 opera
3319 3485 3564 3548 portum
3607 3485 3880 3547 apertum
3923 3470 4115 3532 fuisse
4157 3470 4332 3533 dixe·

1501 3581 1625 3649 rite,
1663 3594 1805 3654 apto
1848 3592 1910 3637 et
1946 3589 2295 3653 opportuno
2333 3588 2632 3650 responso
2670 3574 2912 3663 minime
2949 3576 3311 3640 carebimus.
3391 3578 3630 3653 Nempe
3669 3590 3736 3639 ut
3765 3576 3961 3652 priori
3995 3576 4334 3652 quaestioni

1500 3683 1827 3742 confestim
1864 3694 2295 3751 occurramus,
2354 3680 2518 3737 nulla
2567 3691 2731 3739 certe
2785 3666 2950 3737 n‘atio
3006 3693 3082 3743 ex
3136 3683 3455 3757 omuibus,
3507 3698 3660 3760 quae
3713 3682 3882 3743 bello
3931 3682 4333 3759 Dimyatheno

1506 3786 1949 3855 interfuerunt,
1985 3786 2119 3858 plus
2150 3780 2223 3841 ad
2264 3797 2461 3841 rerum
2497 3797 2795 3856 gestarum
2835 3776 3218 3858 successum,
3259 3789 3393 3849 sive
3437 3803 3628 3863 opera
3665 3790 3812 3860 sua,
3867 3788 4000 3847 sive
4041 3789 4333 3848 sumtibus

1504 3888 1817 3963 ferendis,
1852 3889 2111 3949 eontulit
2144 3902 2317 3963 quam
2338 3884 2641 3955 Frisiaca3
2683 3904 2834 3962 quae
2873 3906 3012 3949 cum
3043 3906 3111 3949 ea
3146 3903 3490 3965 tempestate
3515 3892 3852 3951 Guilielmo
3885 3894 3938 3953 Ι.
3977 3888 4328 3951 Hollandiae

1505 3999 1733 4059 Comiti
1784 4007 2068 4073 pareret,
2129 4005 2389 4066 cumque
2440 3988 2691 4049 maxima
2741 4005 2880 4063 pars
2931 3990 3298 4054 auxiliorum
3341 3992 3412 4053 ab
3459 4006 3538 4051 eo
3589 3992 3872 4073 Principe
3923 3995 3983 4052 in
4023 3993 4336 4055 Orientem

1498 4101 1825 4163 ductorum
1875 4114 1908 4159 e
1951 4099 2138 4159 Frisia
2190 4096 2509 4168 venisset,
2566 4094 2789 4157 rationi
2841 4108 3296 4155 consentaneum
3349 4110 3484 4167 est,
3541 4111 3610 4159 ut
3663 4096 4033 4170 Hollandos,
4082 4110 4338 4175 quorum

1506 4208 1698 4277 multo
1751 4208 1945 4267 minor
1994 4218 2281 4267 numerus
2342 4216 2563 4265 nomen
2625 4200 2796 4275 hello
2849 4214 3026 4263 sacro
3078 4198 3325 4265 dedisse
3381 4198 3665 4280 videtur,
3719 4202 4338 4267 Frisiorum·nomlne

4169 4320 4339 4366 com-
