5242 6192
2207 753 2260 856 Ε
2355 773 2522 854 ss*
2551 755 2614 852 J,

987 955 1087 1015 sita
1126 956 1204 1006 ex
1239 939 1436 1009 Abonl
1473 940 1644 1002 Gazii
1680 935 2000 1002 Behadonr
2037 938 2230 1000 Khani
2263 939 2530 1000 Historia
2568 939 2973 1014 Genealogica
3007 921 3397 1012 Taurorum,
3442 938 3509 1000 P.
3547 938 3628 1002 H.
3672 955 3733 1000 c.
3769 955 3839 999 a.

985 1065 1054 1124 p.
1087 1048 1344 1122 33—62
1387 1047 1544 1107 Gall.
1587 1063 1736 1109 verr.
1775 1043 2222 1124 derivantem),
2275 1045 2436 1104 hune
2465 1041 2941 1116 Ougozkhanum
2975 1044 3159 1120 igitur
3192 1045 3459 1116 omnium
3497 1045 3837 1104 Turcarum

991 1165 1295 1226 parentem
1339 1166 1400 1212 et
1439 1165 1739 1212 auctorem
1787 1151 2024 1224 fuisse,
2057 1164 2240 1225 atque
2283 1146 2438 1210 adeo
2483 1149 2845 1226 Seldiukidis
2890 1152 3182 1224 originem
3224 1146 3506 1221 dedisse,
3548 1161 3829 1208 veterum

991 1237 1376 1316 traditionum
1431 1254 1580 1316 fides
1620 1259 2092 1319 luculentissime
2142 1256 2531 1318 demonstrat.
2630 1255 2781 1316 Nam
2830 1253 2979 1314 licet
3026 1254 3325 1315 fatendum
3365 1256 3445 1314 sit
3484 1251 3832 1314 traditiones

989 1363 1165 1432 istas,
1192 1374 1252 1420 et
1286 1374 1549 1436 propter
1586 1377 1860 1420 summam
1881 1361 2330 1436 antiquitatem,
2361 1373 2421 1420 et
2443 1373 2701 1436 propter
2736 1373 3129 1435 posterorum
3154 1359 3617 1434 negligentiam,
3640 1357 3832 1416 minus

985 1465 1251 1538 integras
1288 1462 1361 1521 ad
1395 1477 1652 1524 nostram
1687 1466 1957 1525 notitiam
1998 1466 2390 1539 pervenisse,
2433 1480 2496 1525 et
2537 1465 2743 1526 multis
2780 1464 3017 1526 fabellis
3056 1463 3251 1524 fuisse
3284 1479 3483 1527 auctas
3525 1477 3593 1522 et.
3616 1477 3835 1521 corru-

983 1584 1154 1644 ptas,
1191 1565 1262 1627 ad
1299 1569 1774 1644 Ougozkhanum
1813 1585 2008 1632 tamen
2043 1587 2246 1630 omnes
2301 1570 2563 1630 unanimi
2604 1585 2909 1630 consensu
2951 1570 3145 1642 gentis
3187 1571 3485 1630 Turcicae
3526 1569 3585 1628 in
3639 1546 3843 1626 varias

991 1673 1238 1734 familias
1273 1671 1634 1734 divisionem
1667 1673 1954 1736 referunt.
2034 1675 2212 1734 Hunc
2253 1688 2494 1750 gentem
2531 1691 2689 1735 suam
2730 1677 2789 1735 in
2825 1675 3025 1734 tribus
3074 1675 3286 1752 viginti
3330 1688 3584 1747 quatuor
3628 1669 3836 1728 distri·

987 1779 1195 1838 buisse
1241 1793 1488 1844 testatur
1530 1775 2008 1849 Mirl'thondius,
2061 1776 2379 1855 eidemque
2429 1780 2500 1838 ab
2557 1782 2737 1839 altera
2788 1794 2958 1855 parte
3014 1781 3231 1854 viginti
3282 1793 3532 1856 quatuor
3577 1789 3833 1852 nepotes

989 1882 1238 1944 totidem
1285 1884 1548 1944 tribuum
1595 1895 1880 1943 auctores
1925 1900 2000 1944 ex
2039 1898 2152 1945 sex
2190 1883 2329 1945 filiis
2378 1898 2707 1961 prognatos
2752 1884 3005 1956 tribuit,
3056 1883 3221 1960 quod
3273 1887 3429 1944 inter
3474 1883 3625 1941 alios
3663 1882 3840 1941 etiam

999 1993 1148 2052 facit
1197 2005 1412 2052 auctor
1462 1992 1605 2053 libri
1662 1992 1964 2068 Turcici,
2018 1965 2255 2089 4394&
2303 1985 2472 2112 &3ss
2525 1993 2807 2068 inscripti
2866 1991 3053 2068 (MS.
3096 1993 3286 2070 Leyd.
3326 1994 3465 2067 1831
3532 1958 3843 2070 (419)),

993 2104 1112 2188 qui·
1141 2101 1218 2164 de
1263 2102 1680 2178 Ougozkhano
1723 2101 1970 2177 eiusque
2023 2107 2286 2179 posteris
2333 2102 2787 2178 symbolisque,
2848 2099 3067 2175 quibus
3125 2118 3156 2160 a
3206 2118 3275 2164 se
3330 2103 3591 2164 invicem
3636 2102 3844 2162 distin.-

991 2208 1372 2292 guebantur,
1419 2208 1607 2266 multa
1654 2205 1814 2264 scitu
1865 2202 2042 2282 digna
2082 2209 2332 2279 retulit,
2387 2223 2566 2284 atque
2599 2205 2751 2286 adeo
2793 2207 3206 2282 antiquitatem
3258 2207 3681 2279 traditionum,
3723 2208 3843 2266 nisi

990 2311 1296 2381 omnium,
1338 2325 1396 2370 at
1430 2311 1848 2370 nonnullarum
1890 2311 2092 2370 saltem
2117 2355 2140 2384 ,
2180 2326 2332 2387 quae
2359 2312 2436 2370 de
2495 2309 2911 2386 Ougozkhano
2967 2309 3297 2381 feruntur,
3338 2327 3449 2370 suo
3489 2312 3841 2371 testimonio

993 2415 1242 2492 egregie
1277 2415 1678 2477 confirmavit.
1747 2415 1901 2474 Nam
1953 2414 2435 2488 Ougozkhanum
2471 2417 2654 2475 morti
2686 2415 2951 2476 vicinum
2987 2415 3169 2474 multa
3197 2413 3341 2474 filiis
3372 2429 3695 2491 praecepta
3728 2406 3835 2478 de·¹

993 2517 1200 2590 disse,
1254 2536 1316 2582 et
1358 2522 1517 2581 inter
1565 2520 1676 2578 alia
1727 2529 1880 2578 noto
1922 2518 2034 2576 illo
2084 2521 2427 2594 sagittarum
2479 2518 2799 2594 symbolo,
2839 2533 2992 2594 quae
3038 2522 3107 2577 in·
3148 2519 3505 2578 fasciculum
3547 2523 3841 2581 collectae

962 2628 1196 2704 ‘rumpi
1242 2637 1585 2704 nequeant,
1626 2603 1884 2700 singulae
1920 2625 2089 2683 nullo
2133 2627 2382 2701 negotio
2420 2622 2813 2698 frangantur,
2851 2621 2923 2680 ad
2962 2622 3355 2682 concordiam·
3392 2622 3705 2684 colendam
3750 2626 3841 2682 in-

995 2733 1281 2792 citavisse
1315 2747 1528 2794 narrat.
1605 2726 1788 2808 Quod
1831 2729 1988 2788 idem
2025 2745 2161 2789 cum
2196 2731 2271 2789 de
2311 2729 2557 2788 Sciluro
2601 2727 2957 2804 Scytharum
3003 2727 3181 2804 Rege
3220 2729 3570 2788 Plutarchus
3618 2730 3847 2788 referat

993 2834 1064 2906 de
1103 2837 1340 2912 gare-ul.
1376 2841 1458 2911 'p.
1493 2849 1629 2910 511.
1665 2836 1784 2907 C0,
1827 2848 1942 2894 nec
1989 2833 2170 2894 facile
2215 2832 2444 2894 admitti
2491 2833 2695 2909 possit
2732 2834 2899 2892 istam
2944 2848 3067 2892 rem
3110 2847 3143 2889 a
3184 2835 3439 2896 Graecis
3480 2833 3550 2916 ati
3598 2834 3844 2895 Tataros

991 2933 1360 3011 transvisse,
1399 2953 1596 3014 prope
1637 2939 1796 2997 certi
1837 2951 1968 2996 esse
2005 2954 2356 3015 possumus,
2417 2938 2530 3028 iam
2581 2939 2743 2996 circa
2773 2938 3012 2999 Christi
3063 2942 3182 3000 nati
3232 2913 3536 3015 tempora,
3597 2939 3844 3013 Ougoz·

915 3117 920 3125 ¹
997 3044 1173 3104 khani
1213 3043 1411 3118 Regis
1449 3043 1846 3105 vetustissimi
1894 3043 2096 3103 famam
2145 3043 2300 3120 apud
2343 3044 2593 3121 Scythas
2652 3044 2946 3117 viguisse.
3038 3041 3206 3103 Idem
3248 3047 3469 3136 ‘auctor
3521 3044 3841 3104 Turcicam

999 3147 1477 3224 seldjukidarum
1531 3162 1768 3224 gentem
1821 3163 2034 3225 aperte·
2087 3163 2163 3208 ex
2209 3149 2462 3222 ougozr
2518 3150 2706 3224 stirpe
2763 3143 3045 3208 deducitt
3096 3125 3491 3222 quamobrem·
3554 3147 3841 3224 profecto

995 3253 1220 3312 nemini
1253 3255 1473 3313 mirum
1507 3251 1816 3312 videbitur
1838 3290 1861 3322 ,
1898 3251 2050 3312 adeo
2081 3252 2464 3327 frequentem
2505 3252 2853 3313 Gozzorum
2890 3255 3252 3314 mentionem
3286 3252 3411 3312 fieri
3449 3269 3480 3310 a
3516 3253 3845 3328 scriptori-

997 3357 1113 3417 bus
1138 3357 1585 3427 Orientalibus,
1618 3356 1726 3433 qui
1765 3351 1840 3414 de
1863 3355 2352 3432 Seldjukidarum·
2379 3357 2633 3417 historia
2672 3359 3096 3435 scripserunt,
3137 3360 3193 3417 in
3242 3357 3334 3415 his
3377 3357 3448 3414 ab
3472 3355 3843 3430 Abnlphara·

997 3459 1104 3540 gio
1123 3504 1144 3533 ,
1167 3466 1298 3524 sive
1317 3465 1431 3524 Bar
1456 3461 1738 3522 Hebraeo
1761 3462 1820 3519 in
1845 3458 2054 3523 chron.
2076 3462 2206 3536 Syr.
2227 3479 2295 3537 p·-
2309 3476 2421 3538 229
2442 3479 2574 3538 sqq.
2595 3504 2614 3536 ,
2637 3466 2741 3540 qui
2766 3467 2844 3524 A.
2868 3477 3009 3538 1347
3037 3459 3482 3522 Seleucidarum
3499 3495 3522 3527 ,
3545 3459 3847 3533 sive‘1036

997 3583 1174 3628 aerae
1217 3568 1633 3639 Christianae,
1675 3580 1919 3641 gentem
1942 3565 2297 3626 Hunnorum
2333 3566 2375 3626 i'.
2408 3579 2466 3626 e.
2505 3565 2883 3648 Turenum,
2918 3565 3027 3640 qui
3067 3564 3341 3624 Gouzaei
3378 3549 3535 3644 (1-ιὶ
3654 3563 3689 3642 )
3741 3583 3842 3642 ap·

989 3691 1401 3765 pellabantur,
1441 3705 1580 3750 cum
1614 3689 1826 3749 Emit-is
1851 3689 2218 3766 Seldjultidis
2258 3691 2316 3751 i‘n
2347 3691 2554 3752 Asiam·
2585 3685 2858 3766 erupisse
2894 3686 3069 3753 dicit.
3146 3685 3501 3750 Eorundem
3525 3693 3623 3750 Go
3670 3706 3849 3751 zaeo·

999 3809 1131 3854 rum
1175 3794 1302 3854 sive
1347 3795 1703 3853 Gozzorum
1747 3793 1924 3853 etiam
1988 3796 2048 3853 in
2097 3813 2230 3872 sqq.
2283 3796 2630 3873 saepissime
2672 3798 3017 3856 memoriam
3058 3793 3299 3870 injicit,
3350 3793 3456 3856 ubi
3497 3797 3572 3858 de
3612 3798 3855 3875 Seldju-·

996 3883 1155 3958 kid'is
1189 3897 1284 3971 agl
1322 3898 1722 3957 certissimum
1757 3910 1868 3959 est.
1949 3899 2051 3960 Sic
2092 3915 2157 3960 v.
2187 3916 2226 3974 g
2288 3916 2346 3976 p.
2368 3915 2502 3977 224.
2545 3899 2820 3960 Gouzaei
2853 3917 2884 3959 a
2918 3897 3220 3960 Masoudo
3251 3900 3504 3961 sultano
3546 3905 3843 3982 Gaznevi·

995 3999 1141 4062 dico
1184 4002 1356 4076 juxta
1396 4003 1622 4064 Meron
1652 4006 1705 4064 al
1745 4001 2034 4066 Roudum
2072 4005 2262 4080 fugati
2309 4019 2484 4078 esse,
2529 4018 2591 4065 et
2627 4019 2765 4065 cum
2810 4003 3046 4080 Togrul
3085 4005 3258 4078 Bego
3300 4019 3359 4064 et
3395 3999 3626 4078 Djadjri
3668 4007 3855 4082 nego-

965 4101 1406 4178 ‘seldjukidis,
1431 4103 1690 4168 ducibus
1727 4109 1889 4180 suis,
1923 4111 1984 4168 i‘n
2017 4107 2324 4169 desertum
2351 4121 2420 4169 se
2435 4113 2747 4189 recepisse
2785 4110 3084 4171 dicuntur.
3164 4107 3293 4168 Pari
3320 4107 3549 4167 ratione
3585 4109 3740 4172 idem
3778 4112 3836 4173 i'n

993 4205 1272 4268 chronico
1320 4208 1615 4283 Arabico,
1665 4213 1798 4271 sive
1842 4213 2002 4275 Hist.
2043 4211 2290 4287 Dynast.
2339 4231 2405 4288 p.
2433 4229 2587 4292 337,
2627 4229 2821 4275 narrat
2866 4208 3389 4274 Yaminoddaulam
3434 4212 3851 4280 Gaznevidam·

992 4313 1063 4390 ‚ln
1093 4311 1298 4389 fugam
1326 4313 1592 4378 vertisse
1633 4311 1866 4378 Turcas
1903 4316 2192 4390 Gozzos,
2241 4317 2474 4378 Arslani
2513 4319 2617 4376 ibn
2660 4316 2929 4396 Seldjulti
2980 4317 3218 4388 socios,-
3286 4315 3345 4381 E
3382 4313 3560 4396 cujus
3606 4321 3693 4382 rei
3736 4317 3844 4381 ob·

2149 4425 2166 4447 ‘
2484 4419 2550 4482 G
2582 4425 2684 4499 31'
2734 4419 2777 4434 ‘'
3020 4423 3033 4432 ‘
3398 4417 3410 4424 ’
3500 4433 3509 4442 ·
3576 4417 3587 4424 ’
3718 4439 3846 4490 aer-3

954 4689 1038 4728 ’Ὗς
