5242 6192
2695 734 2772 869 a<
2879 755 3015 811 ιο,
3113 732 3166 834 )·

1505 959 1793 1023 apparet,
1838 941 2001 1023 quod
2030 957 2243 1020 pater,
2290 940 2550 1020 proprio
2579 938 2772 1003 veluti
2803 939 3048 1037 nomine
3070 977 3093 1012 ,
3131 950 3249 1001 nee
3285 949 3422 1001 cum
3453 940 3584 1005 aliis
3619 948 4146 1029 eommunlctndffi
4161 942 4348 1054 ‚ue-³³

1479 1048 1669 1167 '3an
1698 1099 1717 1129 ,
1753 1054 1987 1115 Emit-us
2014 1050 2313 1129 Magnus,
2354 1053 2684 1129 appellatus
2719 1050 2832 1111 sits
2877 1066 2992 1113 nec
3043 1052 3231 1111 min-us
3273 1064 3350 1109 ex
3405 1052 3766 1127 clementia.
3802 1072 3976 1135 quem
4017 1076 4150 1136 erga
4183 1065 4358 1125 Ema-

1506 1162 1831 1225 doddinum
1866 1174 2141 1223 nostrum
2179 1162 2463 1221 exercuit
2502 1163 2552 1221 al
2591 1158 2874 1221 Mulekus
2905 1160 2958 1218 al
2995 1155 3498 1247 Mopdbdhsmus.
3563 1160 3688 1225 Hic
3720 1168 3876 1227 enim
3899 1206 3922 1239 ,
3959 1172 4077 1231 nisi
4115 1173 4356 1235 Emirus

1502 1267 1878 1346 popularium
1928 1280 2167 1327 suorum
2208 1265 2423 1326 favore
2463 1263 2732 1341 undique
2773 1265 3062 1341 obseptus
3105 1278 3168 1325 et
3213 1265 3462 1327 vallatus
3510 1265 3768 1349 fuisset,
3812 1287 4204 1335 commeatum
4241 1276 4352 1335 ho-

1508 1372 1654 1431 mini
1695 1368 2045 1431 concedere
2088 1384 2149 1431 et
2186 1370 2344 1431 bona
2382 1371 2575 1429 omnia
2614 1370 2734 1446 ipsi
2773 1368 3120 1446 relinquere
3159 1370 3493 1443 noluisset,
3547 1370 3658 1433 sed
3697 1388 3758 1435 et
3795 1376 4060 1437 libenter
4101 1378 4362 1441 interfe-

1513 1479 1733 1548 cisset,
1781 1489 1845 1535 et
1880 1475 2063 1535 facile
2100 1472 2255 1537 illud
2291 1476 2673 1551 propositum
2718 1473 2976 1549 exsequi
3010 1474 3333 1548 potuisset.

1581 1579 1766 1657 (50)
1804 1582 1995 1657 Quam
2022 1580 2251 1655 Syriam
2271 1575 2640 1657 reliquisset]
2683 1578 2920 1655 Nempe
2957 1581 3170 1638 malum
3205 1579 3324 1639 sibi
3355 1578 3594 1642 timebat
3627 1583 3680 1643 al
3715 1582 3996 1645 Malelrus
4021 1588 4076 1645 nl
4107 1586 4360 1647 Mosella-

1505 1684 1763 1745 dhumus
1790 1700 1821 1741 a
1856 1684 2363 1761 turbulentissimi
2391 1684 2912 1759 potentissimiqne
2953 1684 3085 1741 viri
3109 1681 3272 1743 dolis
3300 1697 3367 1745 et
3409 1686 3976 1761 msebimtionibus,
4009 1704 4227 1767 enque
4271 1684 4356 1749 'de

1428 1802 1441 1811 ·
1512 1805 1719 1851 caussa
1757 1802 1893 1847 eum
1945 1786 2151 1867 Syria,
2204 1787 2307 1848 ubi
2354 1788 2487 1864 ipse
2532 1788 2854 1861 regnabat,
2889 1803 3011 1846 non
3053 1788 3247 1847 minus
3293 1804 3464 1865 quam
3505 1790 3837 1870 Aegypto,
3879 1794 4352 1855 exturbare-cu·

1510 1895 1738 1971 piebat.
1820 1889 2003 1973 Quod
2043 1908 2177 1953 cum
2213 1892 2423 1952 absens
2464 1876 2712 1951 efficere
2756 1908 2876 1951 non
2919 1906 3164 1969 posset,
3205 1893 3430 1955 homini
3473 1895 3758 1958 custodes
3797 1896 4057 1971 addidit,
4096 1910 4355 1975 quorum

1502 2001 1865 2079 impatientia
1920 2010 2295 2074 quantocyus
2356 1998 2417 2057 in
2485 1997 2993 2073 Mesopotamiam
3043 1999 3418 2073 patriamque
3477 2000 3902 2064 Gurdistansm
3963 1998 4357 2072 discederet;

1514 2101 1678 2177 quod
1725 2104 2043 2163 consilium
2077 2118 2284 2181 optato
2312 2117 2535 2163 eventu
2568 2118 2690 2161 uon
2723 2102 2944 2165 caruit·
3983 2108 3992 2117 ‘
4037 2158 4072 2181 ,,

1584 2206 1741 2284 (51)
1761 2210 1849 2267 Al
1860 2209 2138 2283 Fayezum
2158 2206 2515 2268 Ibe-abimum
2535 2235 2615 2252 --
2635 2205 2718 2265 ad
2727 2204 2928 2281 syriae
2949 2202 3128 2280 Reges
3139 2203 3421 2284 proficisci
3428 2204 3636 2285 jussit]
3669 2208 3758 2267 De
3781 2209 3833 2268 nl
3853 2207 4075 2283 Fuyezl
4098 2208 4172 2267 ad
4191 2210 4357 2270 Prin·

1512 2312 1683 2387 cipes
1719 2310 1997 2387 Syriacos
2039 2311 2340 2385 legatione
2378 2325 2439 2369 et
2472 2326 2662 2371 morte
2699 2312 2870 2387 plura
2902 2312 3183 2387 leguntur
3219 2309 3378 2389 apud
3413 2310 3836 2383 Nuweitium,
3873 2314 3978 2387 qui
4017 2314 4212 2373 varias
4246 2314 4356 2373 hnc

1508 2414 1584 2475 de
1632 2430 1699 2473 re
1739 2416 2055 2475 sententias
2082 2416 2303 2479 refert.
2380 2416 2533 2477 Sunt
2574 2417 2729 2477 enim
2768 2417 2876 2491 qui
2918 2430 3134 2492 putent
3159 2456 3185 2488 ,
3229 2417 3281 2475 nl
3321 2415 3616 2490 Fayezum
3655 2416 3728 2476 ab
3772 2419 3826 2476 al
3871 2418 4123 2481 Camelo
4155 2416 4361 2479 dimis-

1425 2537 1439 2555 -,
1514 2537 1644 2581 sum
1686 2522 1874 2583 fuisse
1912 2536 2051 2597 post
2088 2524 2388 2598 proelium
2420 2520 2576 2599 apud
2610 2522 2874 2581 Bourlos
2895 2561 2914 2592 ,
2953 2518 3030 2580 de
3067 2534 3192 2597 quo
3223 2521 3490 2605 proxima
3523 2534 3662 2582 notu
3691 2517 3968 2583 dicemus
3991 2558 4014 2591 ,
4051 2520 4128 2580 ad
4161 2534 4361 2581 arces-

1516 2624 1761 2685 sendum
1803 2628 1857 2685 al
1898 2623 2207 2686 Malekum
2244 2629 2294 2685 al
2332 2623 2834 2687 Moadhdhamum
2873 2621 3060 2699 (qui,
3099 2636 3169 2682 ut
3203 2638 3410 2688 noster
3443 2627 3616 2688 etiam
3649 2628 3854 2701 paullo
3897 2625 4150 2685 inferius
4183 2636 4354 2685 teste-

1516 2744 1654 2801 tur,
1694 2732 1924 2791 interen
1953 2732 2016 2792 in
2054 2724 2705 2807 Syriamsecesserat)
2748 2740 2809 2788 et
2841 2727 2896 2785 sl
2934 2726 3241 2791 Malekum
3275 2732 3330 2789 ai
3371 2730 3776 2801 Aschrafum,
3817 2731 3926 2805 qui
3967 2744 4092 2805 tum
4129 2740 4364 2801 tempo·

1518 2835 1602 2891 ris
1632 2830 1790 2909 apud
1828 2833 2154 2897 Mausalam
2187 2834 2576 2905 versabatur-3
2608 2834 2668 2893 sl
2691 2832 2990 2907 Fayezum
3021 2846 3177 2905 vero
3211 2846 3488 2908 veneno,
3526 2848 3594 2895 ut
3623 2834 3776 2897 fama
3803 2830 4074 2904 ferebat,
4111 2844 4358 2908 perem-

1512 2950 1641 2999 tum
1685 2940 1874 3001 fuisse
1908 2942 1970 3001 in
2014 2941 2151 3017 ipso
2186 2941 2392 3003 itinere
2436 2940 2590 2999 inter
2629 2935 2966 3012 Sandiaram·
3003 2950 3066 2999 et
3100 2936 3419 3004 Mausalam
3445 2980 3467 3013 ,
3509 2952 4002 3015 reportatumque
4031 2953 4064 2997 a
4106 2938 4226 2997 suis
4263 2947 4362 2995 se·

1528 3044 1781 3115 pultum
1813 3061 1949 3106 esse
1990 3043 2344 3120 Sandiarae,
2381 3045 2552 3119 juxta
2588 3041 2882 3104 tumulum
2912 3040 3316 3117 ¹Etnadoddini
3361 3045 3597 3111 Zenkii.
3670 3042 3800 3107 AJii
3841 3043 4048 3104 ferunt
4085 3043 4135 3101 sl
4178 3038 4360 3111 Faye·

1524 3167 1663 3210 zum
1692 3151 1995 3217 dimissum
2031 3168 2161 3215 esse
2194 3168 2489 3215 consensu
2522 3155 2575 3211 al
2606 3148 3033 3219 Moadbdhami
3072 3144 3328 3268 ‘1⁸5³'
3369 3146 3624 3243 filiis)
3661 3157 3840 3232 eique
3873 3151 4134 3213 additum
4171 3148 4360 3207 fuisse

1528 3262 1813 3319 comitem
1850 3260 2115 3323 Scheikh
2154 3268 2207 3322 al
2258 3264 2628 3341 Schoyoukh
2675 3258 3104 3323 Sedroddinum
3147 3267 3351 3329 Aboul
3399 3266 3692 3325 Hasanum
3739 3259 4214 3327 Mohammedem
4261 3256 4360 3315 ibn

1527 3365 1733 3425 Aboul
1764 3362 2193 3436 Patala-omar,
2236 3369 2340 3439 qui
2378 3368 2571 3442 ipsum
2617 3369 2680 3427 in
2709 3368 2803 3427 via
2836 3379 3074 3425 veneno
3117 3369 3398 3431 tolleret.
3473 3369 3550 3429 Al
3589 3369 3884 3444 Fayezum
3923 3362 4218 3433 denique,
4259 3354 4365 3415 Ubi

1528 3468 1769 3528 insidias
1808 3466 1925 3527 sibi
1964 3482 2221 3528 structas
2258 3471 2429 3527 nimis
2465 3484 2608 3527 sero
2647 3471 3082 3542 intellexisset,
3125 3470 3560 3533 Sedroddinum
3593 3470 3666 3529 ad
3705 3470 3862 3527 idem
3898 3478 4192 3525 venenum
4225 3461 4370 3520 hau-

1530 3573 1803 3633 riendum
1846 3570 2115 3646 adegisse
2142 3614 2161 3643 ‚
2202 3574 2529 3650 ambosque
2569 3573 2749 3633 simul
2789 3585 2920 3631 esse
2959 3586 3248 3636 mortuos.
3324 3575 3880 3643 Nonnulli'tameu,
3917 3570 4138 3645 quibus
4182 3564 4364 3638 maior

1532 3676 1679 3735 fides
1725 3678 2021 3750 habetur,
2056 3674 2490 3738 Sedroddinum
2528 3678 2703 3736 aliter
2757 3674 3013 3749 periisse
3065 3676 3361 3738 referunt.
3436 3677 3660 3743 Omnes
3707 3690 3937 3746 autem,
3977 3689 4129 3749 quos
4173 3666 4370 3729 laudat

1536 3782 1925 3855 Nuweirius,
1964 3784 2028 3841 in
2070 3795 2144 3841 eo
2176 3782 2602 3855 consentiunt,
2642 3794 2823 3841 totam
2859 3779 3377 3855 rem-Safyoddini
3406 3770 3506 3841 ibn
3544 3780 3832 3843 Schakeri
3857 3777 4071 3837 Veziri
4101 3766 4368 3835 'consiliis

1534 3901 1835 3962 peractam
1866 3886 2077 3947 fuisse.
2157 3885 2439 3965 Quamvis
2473 3888 2634 3947 inter
2670 3884 3084 3963 discrepantes
3121 3900 3434 3947 auctorum
3471 3887 3788 3945 sententias
3819 3884 4126 3958 optionem
4165 3877 4368 3937 faeere

1535 3991 1845 4050 admodum
1882 3988 2124 4052 difficile
2163 3994 2273 4062 sit,
2313 3991 2606 4067 imprimis
2653 4004 2848 4050 tamen
2884 3987 3192 4047 Makrizio
3229 4002 3441 4047 nostro
3475 3986 3918 4045 assentiendum
3955 4000 4084 4043 esse
4118 3981 4372 4040 arbitra·

1540 4111 1669 4153 mur
1693 4138 1712 4166 ,
1750 4098 1805 4154 al
1835 4096 2171 4173 Fayezum‚
2214 4100 2349 4173 ipso
2382 4108 2628 4171 opernm
2665 4090 2840 4151 dante
2886 4092 2942 4148 al
2967 4087 3452 4155 Moudhdhnmo,
3490 4088 3818 4162 ablegatum
3847 4086 4048 4148 ‘fuisse
4091 4084 4369 4144 narranti.

1622 4196 1809 4273 (52)
1863 4198 1948 4261 At
1999 4198 2365 4261 nihilominus
2422 4198 2637 4260 Franci
2685 4223 2764 4239 —
2818 4190 3193 4269 Dimyatham
3246 4204 3412 4254 terra
3461 4202 3519 4251 et
3551 4190 3792 4266 flumine
3839 4182 4366 4261 circumsedebant]

1546 4302 1747 4361 Locus
1791 4307 2033 4367 omnino
2068 4303 2287 4378 dignus
2330 4302 2501 4365 nobis
2558 4316 2692 4365 esse
2729 4298 3009 4374 videtur,
3063 4302 3170 4374 qui
3213 4296 3493 4375 pluribus
3535 4296 3740 4359 verbis
3773 4298 4157 4358 illustretur.
4232 4292 4371 4402 Nec

4226 4403 4376 4450 emm
