<?xml version="1.0" encoding="UTF-8"?>
<!DOCTYPE html PUBLIC "-//W3C//DTD XHTML 1.0 Transitional//EN"
    "http://www.w3.org/TR/xhtml1/DTD/xhtml1-transitional.dtd">
<html xmlns="http://www.w3.org/1999/xhtml" xml:lang="en" lang="en">
 <head>
  <title>
</title>
<meta http-equiv="Content-Type" content="text/html;charset=utf-8" />
  <meta name='ocr-system' content='tesseract 3.04.00' />
  <meta name='ocr-capabilities' content='ocr_page ocr_carea ocr_par ocr_line ocrx_word'/>
</head>
<body>
  <div class='ocr_page' id='page_1' title='image "./takyoddiniahmed00goog_0066.png"; bbox 0 0 5242 6192; ppageno 0'>
   <div class='ocr_carea' id='block_1_1' title="bbox 2762 797 3151 901">
    <p class='ocr_par' dir='ltr' id='par_1_1' title="bbox 2762 797 3151 901">
     <span class='ocr_line' id='line_1_1' title="bbox 2762 797 3151 901; baseline -0.003 0"><span class='ocrx_word' id='word_1_1' title='bbox 2762 797 3151 901; x_wconf 75' lang='lat'><strong>(⁵6)</strong></span> 
     </span>
    </p>
   </div>
   <div class='ocr_carea' id='block_1_2' title="bbox 1523 966 4453 3167">
    <p class='ocr_par' dir='ltr' id='par_1_2' title="bbox 1529 966 4395 2541">
     <span class='ocr_line' id='line_1_2' title="bbox 1547 966 4383 1081; baseline 0.001 -15"><span class='ocrx_word' id='word_1_2' title='bbox 1547 1003 1790 1080; x_wconf 72' lang='lat' dir='ltr'>erisque</span> <span class='ocrx_word' id='word_1_3' title='bbox 1835 1001 1980 1064; x_wconf 85' lang='lat' dir='ltr'>viris</span> <span class='ocrx_word' id='word_1_4' title='bbox 2029 998 2210 1061; x_wconf 88' lang='lat' dir='ltr'>multa</span> <span class='ocrx_word' id='word_1_5' title='bbox 2245 994 2618 1063; x_wconf 75' lang='lat' dir='ltr'>liberalitatis</span> <span class='ocrx_word' id='word_1_6' title='bbox 2670 966 2813 1059; x_wconf 64' lang='lat' dir='ltr'>suae</span> <span class='ocrx_word' id='word_1_7' title='bbox 2864 997 3191 1074; x_wconf 87' lang='lat' dir='ltr'>specimina</span> <span class='ocrx_word' id='word_1_8' title='bbox 3235 995 3561 1081; x_wconf 64' lang='lat' dir='ltr'>praebuit,</span> <span class='ocrx_word' id='word_1_9' title='bbox 3601 988 3706 1061; x_wconf 78' lang='lat' dir='ltr'>sed</span> <span class='ocrx_word' id='word_1_10' title='bbox 3754 972 3929 1063; x_wconf 74' lang='lat' dir='ltr'>etiam</span> <span class='ocrx_word' id='word_1_11' title='bbox 3978 1000 4039 1061; x_wconf 89' lang='lat' dir='ltr'>in</span> <span class='ocrx_word' id='word_1_12' title='bbox 4086 1002 4383 1069; x_wconf 81' lang='lat' dir='ltr'>studioso·</span> 
     </span>
     <span class='ocr_line' id='line_1_3' title="bbox 1551 1099 4381 1183; baseline 0 -16"><span class='ocrx_word' id='word_1_13' title='bbox 1551 1124 1681 1167; x_wconf 87' lang='lat' dir='ltr'>rum</span> <span class='ocrx_word' id='word_1_14' title='bbox 1729 1102 1970 1182; x_wconf 82' lang='lat' dir='ltr'>gratiam</span> <span class='ocrx_word' id='word_1_15' title='bbox 2009 1107 2185 1183; x_wconf 88' lang='lat' dir='ltr'>plura</span> <span class='ocrx_word' id='word_1_16' title='bbox 2220 1104 2475 1177; x_wconf 84' lang='lat' dir='ltr'>collegia</span> <span class='ocrx_word' id='word_1_17' title='bbox 2515 1099 2825 1175; x_wconf 80' lang='lat' dir='ltr'>condidit,</span> <span class='ocrx_word' id='word_1_18' title='bbox 2878 1119 3059 1163; x_wconf 89' lang='lat' dir='ltr'>unum</span> <span class='ocrx_word' id='word_1_19' title='bbox 3106 1102 3388 1176; x_wconf 84' lang='lat' dir='ltr'>Kahirae,</span> <span class='ocrx_word' id='word_1_20' title='bbox 3433 1102 3601 1177; x_wconf 89' lang='lat' dir='ltr'>duo,</span> <span class='ocrx_word' id='word_1_21' title='bbox 3651 1121 3909 1181; x_wconf 87' lang='lat' dir='ltr'>quorum</span> <span class='ocrx_word' id='word_1_22' title='bbox 3950 1111 4197 1170; x_wconf 89' lang='lat' dir='ltr'>alterum</span> <span class='ocrx_word' id='word_1_23' title='bbox 4242 1113 4381 1173; x_wconf 87' lang='lat' dir='ltr'>Ma.</span> 
     </span>
     <span class='ocr_line' id='line_1_4' title="bbox 1552 1194 4385 1293; baseline 0.002 -22"><span class='ocrx_word' id='word_1_24' title='bbox 1552 1212 1797 1281; x_wconf 81' lang='lat' dir='ltr'>lekitis,</span> <span class='ocrx_word' id='word_1_25' title='bbox 1835 1214 2086 1273; x_wconf 87' lang='lat' dir='ltr'>alterum</span> <span class='ocrx_word' id='word_1_26' title='bbox 2137 1207 2432 1271; x_wconf 84' lang='lat' dir='ltr'>Hanefitis</span> <span class='ocrx_word' id='word_1_27' title='bbox 2493 1206 2929 1276; x_wconf 85' lang='lat' dir='ltr'>destinaverat,</span> <span class='ocrx_word' id='word_1_28' title='bbox 2984 1206 3310 1281; x_wconf 82' lang='lat' dir='ltr'>Fayoumi,</span> <span class='ocrx_word' id='word_1_29' title='bbox 3364 1224 3539 1283; x_wconf 84' lang='lat' dir='ltr'>quam</span> <span class='ocrx_word' id='word_1_30' title='bbox 3595 1210 3803 1269; x_wconf 88' lang='lat' dir='ltr'>urbem</span> <span class='ocrx_word' id='word_1_31' title='bbox 3861 1194 3996 1271; x_wconf 74' lang='lat' dir='ltr'>eum</span> <span class='ocrx_word' id='word_1_32' title='bbox 4060 1214 4385 1293; x_wconf 83' lang='lat' dir='ltr'>circumja-</span> 
     </span>
     <span class='ocr_line' id='line_1_5' title="bbox 1545 1298 4385 1397; baseline 0.001 -21"><span class='ocrx_word' id='word_1_33' title='bbox 1545 1306 1828 1377; x_wconf 87' lang='lat' dir='ltr'>centibus</span> <span class='ocrx_word' id='word_1_34' title='bbox 1880 1317 2041 1392; x_wconf 87' lang='lat' dir='ltr'>agris</span> <span class='ocrx_word' id='word_1_35' title='bbox 2085 1316 2145 1378; x_wconf 89' lang='grc'>111</span> <span class='ocrx_word' id='word_1_36' title='bbox 2197 1298 2445 1376; x_wconf 69' lang='lat' dir='ltr'>feudum</span> <span class='ocrx_word' id='word_1_37' title='bbox 2485 1313 2604 1393; x_wconf 87' lang='lat' dir='ltr'>ipsi</span> <span class='ocrx_word' id='word_1_38' title='bbox 2648 1307 3069 1373; x_wconf 84' lang='lat' dir='ltr'>Salahoddinns</span> <span class='ocrx_word' id='word_1_39' title='bbox 3116 1324 3541 1383; x_wconf 85' lang='lat' dir='ltr'>concesserat,</span> <span class='ocrx_word' id='word_1_40' title='bbox 3592 1328 3871 1391; x_wconf 80' lang='lat' dir='ltr'>quartum</span> <span class='ocrx_word' id='word_1_41' title='bbox 3908 1314 4220 1391; x_wconf 88' lang='lat' dir='ltr'>Edessae,</span> <span class='ocrx_word' id='word_1_42' title='bbox 4256 1335 4385 1397; x_wconf 85' lang='lat' dir='ltr'>quo</span> 
     </span>
     <span class='ocr_line' id='line_1_6' title="bbox 1546 1414 4388 1499; baseline 0.001 -18"><span class='ocrx_word' id='word_1_43' title='bbox 1546 1426 1824 1499; x_wconf 81' lang='lat' dir='ltr'>tempore</span> <span class='ocrx_word' id='word_1_44' title='bbox 1865 1424 2152 1496; x_wconf 78' lang='lat' dir='ltr'>regiones</span> <span class='ocrx_word' id='word_1_45' title='bbox 2186 1420 2527 1483; x_wconf 81' lang='lat' dir='ltr'>orientales</span> <span class='ocrx_word' id='word_1_46' title='bbox 2567 1417 2770 1489; x_wconf 85' lang='lat' dir='ltr'>rexit,</span> <span class='ocrx_word' id='word_1_47' title='bbox 2809 1416 3098 1479; x_wconf 80' lang='lat' dir='ltr'>extremis</span> <span class='ocrx_word' id='word_1_48' title='bbox 3136 1428 3273 1477; x_wconf 88' lang='lat' dir='ltr'>ante</span> <span class='ocrx_word' id='word_1_49' title='bbox 3324 1414 3640 1477; x_wconf 82' lang='lat' dir='ltr'>decessum</span> <span class='ocrx_word' id='word_1_50' title='bbox 3679 1420 3863 1483; x_wconf 89' lang='lat' dir='ltr'>annis.</span> <span class='ocrx_word' id='word_1_51' title='bbox 3941 1421 4187 1499; x_wconf 85' lang='lat' dir='ltr'>Quippe</span> <span class='ocrx_word' id='word_1_52' title='bbox 4240 1426 4388 1483; x_wconf 90' lang='lat' dir='ltr'>olim</span> 
     </span>
     <span class='ocr_line' id='line_1_7' title="bbox 1544 1518 4385 1605; baseline 0.001 -21"><span class='ocrx_word' id='word_1_53' title='bbox 1544 1527 1741 1601; x_wconf 83' lang='lat' dir='ltr'>patrui</span> <span class='ocrx_word' id='word_1_54' title='bbox 1781 1527 1873 1587; x_wconf 87' lang='lat' dir='ltr'>sui</span> <span class='ocrx_word' id='word_1_55' title='bbox 1913 1524 2286 1587; x_wconf 84' lang='lat' dir='ltr'>salahoddini</span> <span class='ocrx_word' id='word_1_56' title='bbox 2327 1526 2526 1585; x_wconf 85' lang='lat' dir='ltr'>fuerat</span> <span class='ocrx_word' id='word_1_57' title='bbox 2577 1522 2638 1581; x_wconf 91' lang='lat' dir='ltr'>in</span> <span class='ocrx_word' id='word_1_58' title='bbox 2675 1522 2961 1598; x_wconf 81' lang='lat' dir='ltr'>Aegypto</span> <span class='ocrx_word' id='word_1_59' title='bbox 2998 1521 3265 1581; x_wconf 87' lang='lat' dir='ltr'>vicarius</span> <span class='ocrx_word' id='word_1_60' title='bbox 3311 1521 3382 1583; x_wconf 83' lang='lat' dir='ltr'>ab</span> <span class='ocrx_word' id='word_1_61' title='bbox 3430 1521 3511 1587; x_wconf 84' lang='lat' dir='ltr'>A.</span> <span class='ocrx_word' id='word_1_62' title='bbox 3544 1536 3657 1602; x_wconf 75' lang='lat'>579</span> <span class='ocrx_word' id='word_1_63' title='bbox 3692 1518 3894 1601; x_wconf 83' lang='lat' dir='ltr'>(Chr.</span> <span class='ocrx_word' id='word_1_64' title='bbox 3930 1522 4265 1605; x_wconf 74' lang='lat'>1183—4)</span> <span class='ocrx_word' id='word_1_65' title='bbox 4312 1524 4385 1585; x_wconf 87' lang='lat' dir='ltr'>ad</span> 
     </span>
     <span class='ocr_line' id='line_1_8' title="bbox 1547 1616 4390 1707; baseline 0 -19"><span class='ocrx_word' id='word_1_66' title='bbox 1547 1630 1626 1690; x_wconf 80' lang='lat' dir='ltr'>A.</span> <span class='ocrx_word' id='word_1_67' title='bbox 1658 1616 1768 1701; x_wconf 75' lang='lat'>582</span> <span class='ocrx_word' id='word_1_68' title='bbox 1819 1628 2028 1704; x_wconf 88' lang='lat' dir='ltr'>(Chr.</span> <span class='ocrx_word' id='word_1_69' title='bbox 2066 1631 2457 1707; x_wconf 83' lang='lat'>1186—7);</span> <span class='ocrx_word' id='word_1_70' title='bbox 2499 1624 2639 1687; x_wconf 89' lang='lat' dir='ltr'>dein</span> <span class='ocrx_word' id='word_1_71' title='bbox 2684 1625 3024 1687; x_wconf 85' lang='lat' dir='ltr'>Hamatham</span> <span class='ocrx_word' id='word_1_72' title='bbox 3063 1626 3328 1701; x_wconf 87' lang='lat' dir='ltr'>aliasque</span> <span class='ocrx_word' id='word_1_73' title='bbox 3370 1624 3551 1687; x_wconf 88' lang='lat' dir='ltr'>urbes</span> <span class='ocrx_word' id='word_1_74' title='bbox 3597 1626 3885 1703; x_wconf 83' lang='lat' dir='ltr'>regundas</span> <span class='ocrx_word' id='word_1_75' title='bbox 3935 1628 4214 1705; x_wconf 87' lang='lat' dir='ltr'>accepit,</span> <span class='ocrx_word' id='word_1_76' title='bbox 4252 1630 4390 1705; x_wconf 86' lang='lat' dir='ltr'>qui·</span> 
     </span>
     <span class='ocr_line' id='line_1_9' title="bbox 1541 1716 4391 1811; baseline 0.001 -22"><span class='ocrx_word' id='word_1_77' title='bbox 1541 1731 1658 1791; x_wconf 88' lang='lat' dir='ltr'>bus</span> <span class='ocrx_word' id='word_1_78' title='bbox 1694 1734 1770 1795; x_wconf 81' lang='lat' dir='ltr'>A.</span> <span class='ocrx_word' id='word_1_79' title='bbox 1799 1735 1911 1809; x_wconf 82' lang='lat'>587</span> <span class='ocrx_word' id='word_1_80' title='bbox 1956 1730 2168 1809; x_wconf 87' lang='lat' dir='ltr'>(Chr.</span> <span class='ocrx_word' id='word_1_81' title='bbox 2201 1750 2342 1809; x_wconf 86' lang='grc'><strong>1191</strong></span> <span class='ocrx_word' id='word_1_82' title='bbox 2365 1716 2547 1807; x_wconf 62' lang='lat'><em>-‘-2)</em></span> <span class='ocrx_word' id='word_1_83' title='bbox 2585 1728 2855 1803; x_wconf 80' lang='lat' dir='ltr'>Edessa,</span> <span class='ocrx_word' id='word_1_84' title='bbox 2903 1730 3197 1788; x_wconf 73' lang='lat' dir='ltr'>Samosata</span> <span class='ocrx_word' id='word_1_85' title='bbox 3243 1742 3305 1789; x_wconf 90' lang='lat' dir='ltr'>et</span> <span class='ocrx_word' id='word_1_86' title='bbox 3341 1728 3605 1793; x_wconf 86' lang='lat' dir='ltr'>Mausala</span> <span class='ocrx_word' id='word_1_87' title='bbox 3637 1746 4030 1793; x_wconf 84' lang='lat' dir='ltr'>accesserunt</span> <span class='ocrx_word' id='word_1_88' title='bbox 4054 1777 4075 1809; x_wconf 91' lang='lat'>,</span> <span class='ocrx_word' id='word_1_89' title='bbox 4119 1750 4264 1811; x_wconf 88' lang='lat' dir='ltr'>quas</span> <span class='ocrx_word' id='word_1_90' title='bbox 4310 1748 4391 1793; x_wconf 91' lang='lat' dir='ltr'>eo</span> 
     </span>
     <span class='ocr_line' id='line_1_10' title="bbox 1529 1830 4389 1915; baseline 0.001 -21"><span class='ocrx_word' id='word_1_91' title='bbox 1529 1847 1734 1913; x_wconf 77' lang='lat' dir='ltr'>‘usque</span> <span class='ocrx_word' id='word_1_92' title='bbox 1764 1852 2038 1898; x_wconf 86' lang='lat' dir='ltr'>tenuerat</span> <span class='ocrx_word' id='word_1_93' title='bbox 2074 1836 2475 1897; x_wconf 87' lang='lat' dir='ltr'>Zeinoddinus</span> <span class='ocrx_word' id='word_1_94' title='bbox 2499 1834 2807 1895; x_wconf 86' lang='lat' dir='ltr'>Yousefus</span> <span class='ocrx_word' id='word_1_95' title='bbox 2847 1832 3109 1894; x_wconf 86' lang='lat' dir='ltr'>Arbelae</span> <span class='ocrx_word' id='word_1_96' title='bbox 3145 1830 3448 1898; x_wconf 88' lang='lat' dir='ltr'>dominus.</span> <span class='ocrx_word' id='word_1_97' title='bbox 3524 1833 3638 1897; x_wconf 83' lang='lat' dir='ltr'>sed</span> <span class='ocrx_word' id='word_1_98' title='bbox 3684 1836 3837 1897; x_wconf 87' lang='lat' dir='ltr'>haud</span> <span class='ocrx_word' id='word_1_99' title='bbox 3871 1838 3951 1899; x_wconf 87' lang='lat' dir='ltr'>ita</span> <span class='ocrx_word' id='word_1_100' title='bbox 3984 1840 4175 1899; x_wconf 86' lang='lat' dir='ltr'>multo</span> <span class='ocrx_word' id='word_1_101' title='bbox 4208 1849 4389 1915; x_wconf 83' lang='lat' dir='ltr'>post,</span> 
     </span>
     <span class='ocr_line' id='line_1_11' title="bbox 1545 1934 4391 2019; baseline 0.001 -20"><span class='ocrx_word' id='word_1_102' title='bbox 1545 1955 1820 2001; x_wconf 88' lang='lat' dir='ltr'>vertente</span> <span class='ocrx_word' id='word_1_103' title='bbox 1872 1957 2030 2001; x_wconf 83' lang='lat' dir='ltr'>anno</span> <span class='ocrx_word' id='word_1_104' title='bbox 2080 1944 2188 2018; x_wconf 82' lang='lat'>587</span> <span class='ocrx_word' id='word_1_105' title='bbox 2233 1936 2432 2017; x_wconf 86' lang='lat' dir='ltr'>(Chr.</span> <span class='ocrx_word' id='word_1_106' title='bbox 2472 1934 2837 2019; x_wconf 79' lang='lat'>1191—2)</span> <span class='ocrx_word' id='word_1_107' title='bbox 2900 1939 3053 1999; x_wconf 89' lang='lat' dir='ltr'>obiit</span> <span class='ocrx_word' id='word_1_108' title='bbox 3108 1936 3595 2013; x_wconf 84' lang='lat' dir='ltr'>Takyoddinus,</span> <span class='ocrx_word' id='word_1_109' title='bbox 3646 1941 3825 2000; x_wconf 88' lang='lat' dir='ltr'>triste</span> <span class='ocrx_word' id='word_1_110' title='bbox 3889 1945 3983 2004; x_wconf 88' lang='lat' dir='ltr'>sui</span> <span class='ocrx_word' id='word_1_111' title='bbox 4028 1939 4391 2003; x_wconf 88' lang='lat' dir='ltr'>desiderium</span> 
     </span>
     <span class='ocr_line' id='line_1_12' title="bbox 1547 2042 4393 2125; baseline 0.001 -22"><span class='ocrx_word' id='word_1_112' title='bbox 1547 2046 1864 2118; x_wconf 87' lang='lat' dir='ltr'>omnibus,</span> <span class='ocrx_word' id='word_1_113' title='bbox 1905 2046 2196 2125; x_wconf 82' lang='lat' dir='ltr'>imprimis</span> <span class='ocrx_word' id='word_1_114' title='bbox 2247 2060 2399 2105; x_wconf 85' lang='lat' dir='ltr'>vero</span> <span class='ocrx_word' id='word_1_115' title='bbox 2445 2042 2882 2115; x_wconf 86' lang='lat' dir='ltr'>Salahoddino,</span> <span class='ocrx_word' id='word_1_116' title='bbox 2927 2045 3250 2119; x_wconf 85' lang='lat' dir='ltr'>reliquens.</span> <span class='ocrx_word' id='word_1_117' title='bbox 3328 2044 3436 2105; x_wconf 86' lang='lat' dir='ltr'>Cf.</span> <span class='ocrx_word' id='word_1_118' title='bbox 3484 2056 3723 2118; x_wconf 85' lang='lat' dir='ltr'>praeter</span> <span class='ocrx_word' id='word_1_119' title='bbox 3768 2045 3961 2120; x_wconf 88' lang='lat' dir='ltr'>ipsius</span> <span class='ocrx_word' id='word_1_120' title='bbox 4011 2042 4393 2121; x_wconf 66' lang='lat' dir='ltr'>Takyoddinl</span> 
     </span>
     <span class='ocr_line' id='line_1_13' title="bbox 1547 2147 4389 2227; baseline 0.001 -20"><span class='ocrx_word' id='word_1_121' title='bbox 1547 2149 1909 2227; x_wconf 88' lang='lat' dir='ltr'>abnepotem</span> <span class='ocrx_word' id='word_1_122' title='bbox 1955 2147 2312 2211; x_wconf 84' lang='lat' dir='ltr'>Abulfedam</span> <span class='ocrx_word' id='word_1_123' title='bbox 2365 2151 2446 2211; x_wconf 91' lang='lat' dir='ltr'>A.</span> <span class='ocrx_word' id='word_1_124' title='bbox 2487 2147 2582 2212; x_wconf 89' lang='lat' dir='ltr'>M.</span> <span class='ocrx_word' id='word_1_125' title='bbox 2636 2148 2711 2211; x_wconf 93' lang='lat' dir='ltr'>T.</span> <span class='ocrx_word' id='word_1_126' title='bbox 2752 2147 2858 2210; x_wconf 78' lang='lat' dir='ltr'>lv.</span> <span class='ocrx_word' id='word_1_127' title='bbox 2892 2147 3013 2222; x_wconf 89' lang='lat'>60,</span> <span class='ocrx_word' id='word_1_128' title='bbox 3054 2164 3329 2226; x_wconf 77' lang='lat'>70,72‚</span> <span class='ocrx_word' id='word_1_129' title='bbox 3376 2147 3525 2218; x_wconf 84' lang='lat'>108,</span> <span class='ocrx_word' id='word_1_130' title='bbox 3568 2162 3715 2221; x_wconf 80' lang='lat' dir='ltr'>na,</span> <span class='ocrx_word' id='word_1_131' title='bbox 3766 2148 3903 2211; x_wconf 84' lang='lat' dir='ltr'>Bar</span> <span class='ocrx_word' id='word_1_132' title='bbox 3932 2148 4271 2209; x_wconf 85' lang='lat' dir='ltr'>Hebraeum</span> <span class='ocrx_word' id='word_1_133' title='bbox 4326 2150 4389 2209; x_wconf 88' lang='lat' dir='ltr'>in</span> 
     </span>
     <span class='ocr_line' id='line_1_14' title="bbox 1547 2250 4395 2333; baseline 0 -21"><span class='ocrx_word' id='word_1_134' title='bbox 1547 2250 1758 2317; x_wconf 74' lang='lat' dir='ltr'>chron.</span> <span class='ocrx_word' id='word_1_135' title='bbox 1797 2256 1927 2333; x_wconf 68' lang='lat' dir='ltr'>Syr.</span> <span class='ocrx_word' id='word_1_136' title='bbox 1977 2273 2038 2331; x_wconf 88' lang='lat' dir='ltr'>p.</span> <span class='ocrx_word' id='word_1_137' title='bbox 2068 2268 2184 2332; x_wconf 81' lang='lat'>419</span> <span class='ocrx_word' id='word_1_138' title='bbox 2221 2274 2313 2333; x_wconf 91' lang='lat' dir='ltr'>sq.</span> <span class='ocrx_word' id='word_1_139' title='bbox 2349 2268 2412 2316; x_wconf 86' lang='lat' dir='ltr'>et</span> <span class='ocrx_word' id='word_1_140' title='bbox 2453 2250 2893 2314; x_wconf 83' lang='lat' dir='ltr'>Bahaeddinum</span> <span class='ocrx_word' id='word_1_141' title='bbox 2941 2252 3012 2315; x_wconf 89' lang='lat' dir='ltr'>V.</span> <span class='ocrx_word' id='word_1_142' title='bbox 3043 2254 3108 2315; x_wconf 88' lang='lat' dir='ltr'>S.</span> <span class='ocrx_word' id='word_1_143' title='bbox 3150 2270 3215 2331; x_wconf 87' lang='lat' dir='ltr'>p.</span> <span class='ocrx_word' id='word_1_144' title='bbox 3239 2268 3311 2315; x_wconf 77' lang='lat'>21</span> <span class='ocrx_word' id='word_1_145' title='bbox 3362 2263 3427 2311; x_wconf 86' lang='lat' dir='ltr'>et</span> <span class='ocrx_word' id='word_1_146' title='bbox 3463 2266 3604 2312; x_wconf 81' lang='lat'>212.</span> <span class='ocrx_word' id='word_1_147' title='bbox 3684 2250 3845 2311; x_wconf 87' lang='lat' dir='ltr'>Illius</span> <span class='ocrx_word' id='word_1_148' title='bbox 3886 2250 4083 2311; x_wconf 83' lang='lat' dir='ltr'>Emiri</span> <span class='ocrx_word' id='word_1_149' title='bbox 4134 2252 4395 2315; x_wconf 81' lang='lat' dir='ltr'>schaha-</span> 
     </span>
     <span class='ocr_line' id='line_1_15' title="bbox 1545 2352 4395 2435; baseline 0.001 -18"><span class='ocrx_word' id='word_1_150' title='bbox 1545 2356 1799 2419; x_wconf 90' lang='lat' dir='ltr'>boddini</span> <span class='ocrx_word' id='word_1_151' title='bbox 1839 2363 1891 2421; x_wconf 83' lang='lat' dir='ltr'>al</span> <span class='ocrx_word' id='word_1_152' title='bbox 1934 2360 2284 2432; x_wconf 86' lang='lat' dir='ltr'>Khazemii,</span> <span class='ocrx_word' id='word_1_153' title='bbox 2323 2362 2423 2420; x_wconf 85' lang='lat' dir='ltr'>vel</span> <span class='ocrx_word' id='word_1_154' title='bbox 2463 2361 2514 2419; x_wconf 87' lang='lat' dir='ltr'>al</span> <span class='ocrx_word' id='word_1_155' title='bbox 2557 2356 2901 2431; x_wconf 85' lang='lat' dir='ltr'>Kharemii,</span> <span class='ocrx_word' id='word_1_156' title='bbox 2935 2359 3041 2435; x_wconf 90' lang='lat' dir='ltr'>qui</span> <span class='ocrx_word' id='word_1_157' title='bbox 3078 2372 3191 2419; x_wconf 89' lang='lat' dir='ltr'>una</span> <span class='ocrx_word' id='word_1_158' title='bbox 3227 2372 3361 2416; x_wconf 89' lang='lat' dir='ltr'>cum</span> <span class='ocrx_word' id='word_1_159' title='bbox 3400 2352 3796 2429; x_wconf 82' lang='lat' dir='ltr'>Takyoddino</span> <span class='ocrx_word' id='word_1_160' title='bbox 3828 2354 4077 2417; x_wconf 86' lang='lat' dir='ltr'>Francis</span> <span class='ocrx_word' id='word_1_161' title='bbox 4114 2355 4395 2433; x_wconf 79' lang='lat' dir='ltr'>obstitit,</span> 
     </span>
     <span class='ocr_line' id='line_1_16' title="bbox 1551 2461 4014 2552; baseline -0.001 -29"><span class='ocrx_word' id='word_1_162' title='bbox 1551 2478 1671 2523; x_wconf 88' lang='lat' dir='ltr'>nee</span> <span class='ocrx_word' id='word_1_163' title='bbox 1709 2481 1924 2525; x_wconf 91' lang='lat' dir='ltr'>verum</span> <span class='ocrx_word' id='word_1_164' title='bbox 1973 2482 2226 2552; x_wconf 81' lang='lat' dir='ltr'>nomeu,</span> <span class='ocrx_word' id='word_1_165' title='bbox 2263 2480 2383 2524; x_wconf 85' lang='lat' dir='ltr'>nec</span> <span class='ocrx_word' id='word_1_166' title='bbox 2415 2464 2753 2524; x_wconf 82' lang='lat' dir='ltr'>memoriam</span> <span class='ocrx_word' id='word_1_167' title='bbox 2789 2465 2963 2522; x_wconf 86' lang='lat' dir='ltr'>ullam</span> <span class='ocrx_word' id='word_1_168' title='bbox 3000 2463 3153 2539; x_wconf 88' lang='lat' dir='ltr'>apud</span> <span class='ocrx_word' id='word_1_169' title='bbox 3197 2464 3343 2523; x_wconf 87' lang='lat' dir='ltr'>alios</span> <span class='ocrx_word' id='word_1_170' title='bbox 3383 2461 3713 2537; x_wconf 88' lang='lat' dir='ltr'>scriptores</span> <span class='ocrx_word' id='word_1_171' title='bbox 3749 2462 4014 2541; x_wconf 88' lang='lat' dir='ltr'>reperio.</span> 
     </span>
    </p>

    <p class='ocr_par' dir='ltr' id='par_1_3' title="bbox 1523 2560 4453 3167">
     <span class='ocr_line' id='line_1_17' title="bbox 1631 2560 4397 2645; baseline -0.001 -18"><span class='ocrx_word' id='word_1_172' title='bbox 1631 2566 1670 2643; x_wconf 66' lang='grc' dir='ltr'><strong>ζ</strong></span> <span class='ocrx_word' id='word_1_173' title='bbox 1697 2566 1828 2645; x_wconf 86' lang='lat'>17)</span> <span class='ocrx_word' id='word_1_174' title='bbox 1869 2568 2036 2644; x_wconf 81' lang='lat' dir='ltr'>Quod</span> <span class='ocrx_word' id='word_1_175' title='bbox 2069 2588 2192 2629; x_wconf 85' lang='lat' dir='ltr'>cum</span> <span class='ocrx_word' id='word_1_176' title='bbox 2235 2567 2322 2629; x_wconf 78' lang='lat' dir='ltr'>ad</span> <span class='ocrx_word' id='word_1_177' title='bbox 2347 2568 2591 2627; x_wconf 79' lang='lat' dir='ltr'>Francos</span> <span class='ocrx_word' id='word_1_178' title='bbox 2627 2595 2706 2615; x_wconf 91' lang='lat'>-··</span> <span class='ocrx_word' id='word_1_179' title='bbox 2734 2568 2987 2627; x_wconf 75' lang='lat' dir='ltr'>allatum</span> <span class='ocrx_word' id='word_1_180' title='bbox 3027 2566 3215 2643; x_wconf 84' lang='lat' dir='ltr'>esset]</span> <span class='ocrx_word' id='word_1_181' title='bbox 3273 2562 3457 2641; x_wconf 82' lang='lat' dir='ltr'>Quod</span> <span class='ocrx_word' id='word_1_182' title='bbox 3504 2564 3765 2627; x_wconf 76' lang='lat' dir='ltr'>Francos</span> <span class='ocrx_word' id='word_1_183' title='bbox 3803 2582 3971 2631; x_wconf 84' lang='lat' dir='ltr'>metu</span> <span class='ocrx_word' id='word_1_184' title='bbox 4008 2560 4397 2630; x_wconf 81' lang='lat' dir='ltr'>Neuroddini</span> 
     </span>
     <span class='ocr_line' id='line_1_18' title="bbox 1557 2644 4396 2745; baseline -0.001 -12"><span class='ocrx_word' id='word_1_185' title='bbox 1557 2672 1944 2733; x_wconf 81' lang='lat' dir='ltr'>Palaestinam</span> <span class='ocrx_word' id='word_1_186' title='bbox 2000 2669 2338 2733; x_wconf 83' lang='lat' dir='ltr'>invadentis</span> <span class='ocrx_word' id='word_1_187' title='bbox 2396 2644 2771 2738; x_wconf 83' lang='lat' dir='ltr'>obsidionem</span> <span class='ocrx_word' id='word_1_188' title='bbox 2830 2668 3183 2745; x_wconf 78' lang='lat' dir='ltr'>Dimyathae</span> <span class='ocrx_word' id='word_1_189' title='bbox 3231 2670 3489 2730; x_wconf 88' lang='lat' dir='ltr'>solvisse</span> <span class='ocrx_word' id='word_1_190' title='bbox 3536 2686 3727 2733; x_wconf 88' lang='lat' dir='ltr'>narrat</span> <span class='ocrx_word' id='word_1_191' title='bbox 3778 2672 4157 2744; x_wconf 79' lang='lat' dir='ltr'>Makrizius,</span> <span class='ocrx_word' id='word_1_192' title='bbox 4200 2670 4262 2730; x_wconf 89' lang='lat' dir='ltr'>in</span> <span class='ocrx_word' id='word_1_193' title='bbox 4316 2684 4396 2730; x_wconf 87' lang='lat' dir='ltr'>eo</span> 
     </span>
     <span class='ocr_line' id='line_1_19' title="bbox 1552 2770 4395 2854; baseline 0.001 -19"><span class='ocrx_word' id='word_1_194' title='bbox 1552 2778 1668 2837; x_wconf 90' lang='lat' dir='ltr'>sibi</span> <span class='ocrx_word' id='word_1_195' title='bbox 1705 2778 2178 2839; x_wconf 79' lang='lat' dir='ltr'>consentientem</span> <span class='ocrx_word' id='word_1_196' title='bbox 2219 2776 2400 2837; x_wconf 84' lang='lat' dir='ltr'>babet</span> <span class='ocrx_word' id='word_1_197' title='bbox 2431 2777 2542 2839; x_wconf 85' lang='lat' dir='ltr'>Ibn</span> <span class='ocrx_word' id='word_1_198' title='bbox 2578 2780 2656 2839; x_wconf 83' lang='lat' dir='ltr'>Al</span> <span class='ocrx_word' id='word_1_199' title='bbox 2695 2780 2962 2841; x_wconf 83' lang='lat' dir='ltr'>Atsirum</span> <span class='ocrx_word' id='word_1_200' title='bbox 2994 2776 3038 2837; x_wconf 90' lang='lat' dir='ltr'>l.</span> <span class='ocrx_word' id='word_1_201' title='bbox 3064 2776 3110 2839; x_wconf 92' lang='lat' dir='ltr'>l.</span> <span class='ocrx_word' id='word_1_202' title='bbox 3140 2790 3198 2837; x_wconf 87' lang='lat' dir='ltr'>at</span> <span class='ocrx_word' id='word_1_203' title='bbox 3232 2770 3655 2837; x_wconf 82' lang='lat' dir='ltr'>dissentientes</span> <span class='ocrx_word' id='word_1_204' title='bbox 3690 2777 4069 2837; x_wconf 78' lang='lat' dir='ltr'>willermum</span> <span class='ocrx_word' id='word_1_205' title='bbox 4098 2774 4395 2854; x_wconf 78' lang='lat' dir='ltr'>Tyrium,</span> 
     </span>
     <span class='ocr_line' id='line_1_20' title="bbox 1523 2874 4393 2957; baseline -0.001 -14"><span class='ocrx_word' id='word_1_206' title='bbox 1523 2882 1907 2943; x_wconf 75' lang='lat' dir='ltr'>’cinnamum</span> <span class='ocrx_word' id='word_1_207' title='bbox 1941 2898 2000 2943; x_wconf 88' lang='lat' dir='ltr'>et</span> <span class='ocrx_word' id='word_1_208' title='bbox 2030 2882 2351 2955; x_wconf 88' lang='lat' dir='ltr'>Nicetam,</span> <span class='ocrx_word' id='word_1_209' title='bbox 2393 2896 2427 2943; x_wconf 94' lang='lat' dir='ltr'>e</span> <span class='ocrx_word' id='word_1_210' title='bbox 2466 2882 2685 2957; x_wconf 87' lang='lat' dir='ltr'>quibus</span> <span class='ocrx_word' id='word_1_211' title='bbox 2722 2882 3068 2941; x_wconf 79' lang='lat' dir='ltr'>willermus</span> <span class='ocrx_word' id='word_1_212' title='bbox 3114 2874 3433 2941; x_wconf 78' lang='lat' dir='ltr'>infaustum</span> <span class='ocrx_word' id='word_1_213' title='bbox 3478 2877 3887 2957; x_wconf 82' lang='lat' dir='ltr'>expeditionis</span> <span class='ocrx_word' id='word_1_214' title='bbox 3939 2882 4165 2943; x_wconf 85' lang='lat' dir='ltr'>exitum</span> <span class='ocrx_word' id='word_1_215' title='bbox 4208 2881 4393 2942; x_wconf 86' lang='lat' dir='ltr'>Chri·</span> 
     </span>
     <span class='ocr_line' id='line_1_21' title="bbox 1553 2982 4395 3063; baseline 0 -19"><span class='ocrx_word' id='word_1_216' title='bbox 1553 2988 1874 3047; x_wconf 78' lang='lat' dir='ltr'>arianorum</span> <span class='ocrx_word' id='word_1_217' title='bbox 1915 2986 2150 3063; x_wconf 89' lang='lat' dir='ltr'>torpori</span> <span class='ocrx_word' id='word_1_218' title='bbox 2187 3000 2251 3048; x_wconf 88' lang='lat' dir='ltr'>et</span> <span class='ocrx_word' id='word_1_219' title='bbox 2293 2987 2695 3062; x_wconf 84' lang='lat' dir='ltr'>negligentiae</span> <span class='ocrx_word' id='word_1_220' title='bbox 2735 2984 3051 3047; x_wconf 80' lang='lat' dir='ltr'>adscribit.</span> <span class='ocrx_word' id='word_1_221' title='bbox 3086 2994 3093 3001; x_wconf 83' lang='lat'><strong>·</strong></span> <span class='ocrx_word' id='word_1_222' title='bbox 3123 2982 3252 3045; x_wconf 85' lang='lat' dir='ltr'>Hos</span> <span class='ocrx_word' id='word_1_223' title='bbox 3306 2984 3464 3043; x_wconf 88' lang='lat' dir='ltr'>enim</span> <span class='ocrx_word' id='word_1_224' title='bbox 3503 2984 3555 3043; x_wconf 91' lang='lat' dir='ltr'>si</span> <span class='ocrx_word' id='word_1_225' title='bbox 3598 2986 3792 3045; x_wconf 82' lang='lat' dir='ltr'>statim</span> <span class='ocrx_word' id='word_1_226' title='bbox 3828 3000 3954 3046; x_wconf 88' lang='lat' dir='ltr'>rem</span> <span class='ocrx_word' id='word_1_227' title='bbox 3989 2985 4248 3063; x_wconf 80' lang='lat' dir='ltr'>aggressi</span> <span class='ocrx_word' id='word_1_228' title='bbox 4292 2984 4395 3045; x_wconf 82' lang='lat' dir='ltr'>fo·</span> 
     </span>
     <span class='ocr_line' id='line_1_22' title="bbox 1525 3072 4453 3167; baseline 0.001 -19"><span class='ocrx_word' id='word_1_229' title='bbox 1525 3105 1736 3164; x_wconf 87' lang='lat' dir='ltr'>-rent,</span> <span class='ocrx_word' id='word_1_230' title='bbox 1781 3091 1994 3150; x_wconf 87' lang='lat' dir='ltr'>urbem</span> <span class='ocrx_word' id='word_1_231' title='bbox 2052 3094 2265 3166; x_wconf 88' lang='lat' dir='ltr'>procul</span> <span class='ocrx_word' id='word_1_232' title='bbox 2327 3090 2520 3153; x_wconf 87' lang='lat' dir='ltr'>dubio</span> <span class='ocrx_word' id='word_1_233' title='bbox 2581 3092 2771 3153; x_wconf 82' lang='lat' dir='ltr'>fuisse</span> <span class='ocrx_word' id='word_1_234' title='bbox 2832 3102 3284 3167; x_wconf 79' lang='lat' dir='ltr'>occupaturos,</span> <span class='ocrx_word' id='word_1_235' title='bbox 3330 3103 3494 3148; x_wconf 87' lang='lat' dir='ltr'>nunc</span> <span class='ocrx_word' id='word_1_236' title='bbox 3557 3101 3759 3150; x_wconf 87' lang='lat' dir='ltr'>autem</span> <span class='ocrx_word' id='word_1_237' title='bbox 3824 3104 4038 3151; x_wconf 86' lang='lat' dir='ltr'>moram</span> <span class='ocrx_word' id='word_1_238' title='bbox 4093 3090 4398 3151; x_wconf 86' lang='lat' dir='ltr'>trahentes</span> <span class='ocrx_word' id='word_1_239' title='bbox 4426 3072 4453 3105; x_wconf 72' lang='lat'>&#39;⁵</span> 
     </span>
    </p>
   </div>
   <div class='ocr_carea' id='block_1_3' title="bbox 1531 3194 4537 3273">
    <p class='ocr_par' dir='ltr' id='par_1_4' title="bbox 1531 3194 4537 3273">
     <span class='ocr_line' id='line_1_23' title="bbox 1531 3194 4537 3273; baseline 0 -18"><span class='ocrx_word' id='word_1_240' title='bbox 1531 3196 1950 3256; x_wconf 86' lang='lat' dir='ltr'>-oeeasionem</span> <span class='ocrx_word' id='word_1_241' title='bbox 2001 3197 2350 3271; x_wconf 84' lang='lat' dir='ltr'>praebuisse</span> <span class='ocrx_word' id='word_1_242' title='bbox 2397 3197 2725 3273; x_wconf 78' lang='lat' dir='ltr'>Aegyptiis</span> <span class='ocrx_word' id='word_1_243' title='bbox 2774 3198 2931 3257; x_wconf 87' lang='lat' dir='ltr'>illam</span> <span class='ocrx_word' id='word_1_244' title='bbox 2986 3194 3337 3272; x_wconf 85' lang='lat' dir='ltr'>praesidiis,</span> <span class='ocrx_word' id='word_1_245' title='bbox 3395 3194 3573 3253; x_wconf 86' lang='lat' dir='ltr'>armis</span> <span class='ocrx_word' id='word_1_246' title='bbox 3634 3205 3697 3254; x_wconf 90' lang='lat' dir='ltr'>et</span> <span class='ocrx_word' id='word_1_247' title='bbox 3748 3207 4081 3255; x_wconf 86' lang='lat' dir='ltr'>commeatu</span> <span class='ocrx_word' id='word_1_248' title='bbox 4131 3209 4399 3256; x_wconf 86' lang='lat' dir='ltr'>commu·</span> <span class='ocrx_word' id='word_1_249' title='bbox 4527 3210 4537 3223; x_wconf 91' lang='lat'><strong>·</strong></span> 
     </span>
    </p>
   </div>
   <div class='ocr_carea' id='block_1_4' title="bbox 1517 3284 4424 4427">
    <p class='ocr_par' dir='ltr' id='par_1_5' title="bbox 1517 3284 4405 3796">
     <span class='ocr_line' id='line_1_24' title="bbox 1557 3284 4399 3377; baseline 0 -18"><span class='ocrx_word' id='word_1_250' title='bbox 1557 3299 1790 3364; x_wconf 88' lang='lat' dir='ltr'>niendi.</span> <span class='ocrx_word' id='word_1_251' title='bbox 1846 3301 1994 3377; x_wconf 89' lang='lat' dir='ltr'>Quo</span> <span class='ocrx_word' id='word_1_252' title='bbox 2027 3316 2164 3361; x_wconf 88' lang='lat' dir='ltr'>cum</span> <span class='ocrx_word' id='word_1_253' title='bbox 2185 3300 2310 3360; x_wconf 75' lang='lat' dir='ltr'>›hoc</span> <span class='ocrx_word' id='word_1_254' title='bbox 2341 3302 2701 3371; x_wconf 82' lang='lat' dir='ltr'>accederet,</span> <span class='ocrx_word' id='word_1_255' title='bbox 2726 3297 2894 3375; x_wconf 87' lang='lat' dir='ltr'>quod</span> <span class='ocrx_word' id='word_1_256' title='bbox 2925 3298 3295 3360; x_wconf 79' lang='lat' dir='ltr'>intolerabili</span> <span class='ocrx_word' id='word_1_257' title='bbox 3330 3298 3506 3359; x_wconf 81' lang='lat' dir='ltr'>fame·</span> <span class='ocrx_word' id='word_1_258' title='bbox 3524 3298 3931 3372; x_wconf 73' lang='lat' dir='ltr'>vexarentur,</span> <span class='ocrx_word' id='word_1_259' title='bbox 3960 3298 4030 3359; x_wconf 88' lang='lat' dir='ltr'>ad</span> <span class='ocrx_word' id='word_1_260' title='bbox 4067 3284 4399 3361; x_wconf 78' lang='lat' dir='ltr'>extremum</span> 
     </span>
     <span class='ocr_line' id='line_1_25' title="bbox 1517 3392 4402 3478; baseline 0 -16"><span class='ocrx_word' id='word_1_261' title='bbox 1517 3444 1526 3451; x_wconf 84' lang='lat'>-</span> <span class='ocrx_word' id='word_1_262' title='bbox 1563 3404 1626 3462; x_wconf 88' lang='lat' dir='ltr'>in</span> <span class='ocrx_word' id='word_1_263' title='bbox 1673 3404 1808 3467; x_wconf 86' lang='lat' dir='ltr'>dies</span> <span class='ocrx_word' id='word_1_264' title='bbox 1852 3410 2044 3467; x_wconf 83' lang='lat' dir='ltr'>auctis</span> <span class='ocrx_word' id='word_1_265' title='bbox 2089 3404 2353 3467; x_wconf 87' lang='lat' dir='ltr'>hostium</span> <span class='ocrx_word' id='word_1_266' title='bbox 2399 3406 2666 3476; x_wconf 86' lang='lat' dir='ltr'>viribus,</span> <span class='ocrx_word' id='word_1_267' title='bbox 2702 3406 2965 3467; x_wconf 88' lang='lat' dir='ltr'>occultis</span> <span class='ocrx_word' id='word_1_268' title='bbox 3014 3392 3467 3466; x_wconf 80' lang='lat' dir='ltr'>conditionibus</span> <span class='ocrx_word' id='word_1_269' title='bbox 3510 3418 3714 3478; x_wconf 83' lang='lat' dir='ltr'>pacem</span> <span class='ocrx_word' id='word_1_270' title='bbox 3768 3418 3907 3465; x_wconf 89' lang='lat' dir='ltr'>cum</span> <span class='ocrx_word' id='word_1_271' title='bbox 3954 3404 4275 3465; x_wconf 89' lang='lat' dir='ltr'>Moslemis</span> <span class='ocrx_word' id='word_1_272' title='bbox 4312 3404 4402 3465; x_wconf 79' lang='lat' dir='ltr'>fa-</span> 
     </span>
     <span class='ocr_line' id='line_1_26' title="bbox 1527 3503 4402 3587; baseline 0 -19"><span class='ocrx_word' id='word_1_273' title='bbox 1527 3522 1716 3581; x_wconf 78' lang='lat' dir='ltr'>‚ctam</span> <span class='ocrx_word' id='word_1_274' title='bbox 1765 3526 1940 3584; x_wconf 86' lang='lat' dir='ltr'>esse,</span> <span class='ocrx_word' id='word_1_275' title='bbox 1977 3521 2224 3587; x_wconf 86' lang='lat' dir='ltr'>operam</span> <span class='ocrx_word' id='word_1_276' title='bbox 2270 3507 2446 3571; x_wconf 87' lang='lat' dir='ltr'>dante</span> <span class='ocrx_word' id='word_1_277' title='bbox 2491 3510 2786 3569; x_wconf 88' lang='lat' dir='ltr'>Zevelino</span> <span class='ocrx_word' id='word_1_278' title='bbox 2822 3503 2961 3584; x_wconf 67' lang='lat' dir='ltr'>(l)</span> <span class='ocrx_word' id='word_1_279' title='bbox 3004 3508 3303 3581; x_wconf 84' lang='lat' dir='ltr'>quodam,</span> <span class='ocrx_word' id='word_1_280' title='bbox 3346 3521 3410 3569; x_wconf 88' lang='lat' dir='ltr'>et</span> <span class='ocrx_word' id='word_1_281' title='bbox 3448 3508 3797 3567; x_wconf 88' lang='lat' dir='ltr'>obsessores</span> <span class='ocrx_word' id='word_1_282' title='bbox 3828 3523 4099 3569; x_wconf 86' lang='lat' dir='ltr'>annonae</span> <span class='ocrx_word' id='word_1_283' title='bbox 4148 3512 4402 3571; x_wconf 81' lang='lat' dir='ltr'>caritate</span> 
     </span>
     <span class='ocr_line' id='line_1_27' title="bbox 1566 3607 4405 3719; baseline 0 -45"><span class='ocrx_word' id='word_1_284' title='bbox 1566 3615 1910 3675; x_wconf 83' lang='lat' dir='ltr'>sublevatos</span> <span class='ocrx_word' id='word_1_285' title='bbox 1969 3616 2036 3673; x_wconf 87' lang='lat' dir='ltr'>in</span> <span class='ocrx_word' id='word_1_286' title='bbox 2085 3628 2218 3674; x_wconf 82' lang='lat' dir='ltr'>suas</span> <span class='ocrx_word' id='word_1_287' title='bbox 2272 3628 2545 3692; x_wconf 87' lang='lat' dir='ltr'>quosque</span> <span class='ocrx_word' id='word_1_288' title='bbox 2591 3612 2878 3719; x_wconf 82' lang='lat' dir='ltr'>regiones</span> <span class='ocrx_word' id='word_1_289' title='bbox 2938 3607 3311 3675; x_wconf 86' lang='lat' dir='ltr'>discessisse.</span> <span class='ocrx_word' id='word_1_290' title='bbox 3408 3614 3733 3675; x_wconf 85' lang='lat' dir='ltr'>Cinnamus</span> <span class='ocrx_word' id='word_1_291' title='bbox 3787 3627 3989 3675; x_wconf 88' lang='lat' dir='ltr'>autem</span> <span class='ocrx_word' id='word_1_292' title='bbox 4036 3628 4095 3676; x_wconf 89' lang='lat' dir='ltr'>et</span> <span class='ocrx_word' id='word_1_293' title='bbox 4154 3614 4405 3675; x_wconf 70' lang='lat' dir='ltr'>Nicetes</span> 
     </span>
     <span class='ocr_line' id='line_1_28' title="bbox 1571 3698 4408 3797; baseline 0.001 -20"><span class='ocrx_word' id='word_1_294' title='bbox 1571 3733 1810 3780; x_wconf 76' lang='lat' dir='ltr'>emnem</span> <span class='ocrx_word' id='word_1_295' title='bbox 1860 3718 1942 3787; x_wconf 83' lang='lat' dir='ltr'>rei</span> <span class='ocrx_word' id='word_1_296' title='bbox 1981 3720 2216 3790; x_wconf 83' lang='lat' dir='ltr'>culpam</span> <span class='ocrx_word' id='word_1_297' title='bbox 2261 3718 2322 3776; x_wconf 90' lang='lat' dir='ltr'>in</span> <span class='ocrx_word' id='word_1_298' title='bbox 2367 3717 2697 3797; x_wconf 80' lang='lat' dir='ltr'>Amalrichi</span> <span class='ocrx_word' id='word_1_299' title='bbox 2743 3698 3303 3793; x_wconf 85' lang='lat' dir='ltr'>tergiversationem</span> <span class='ocrx_word' id='word_1_300' title='bbox 3346 3718 3707 3792; x_wconf 88' lang='lat' dir='ltr'>conferunt,</span> <span class='ocrx_word' id='word_1_301' title='bbox 3745 3735 3915 3796; x_wconf 86' lang='lat' dir='ltr'>quam</span> <span class='ocrx_word' id='word_1_302' title='bbox 3960 3720 4254 3795; x_wconf 84' lang='lat' dir='ltr'>imprimis</span> <span class='ocrx_word' id='word_1_303' title='bbox 4291 3720 4408 3779; x_wconf 77' lang='lat' dir='ltr'>Ni·</span> 
     </span>
    </p>

    <p class='ocr_par' dir='ltr' id='par_1_6' title="bbox 1567 3818 4409 4001">
     <span class='ocr_line' id='line_1_29' title="bbox 1569 3818 4409 3901; baseline 0 -18"><span class='ocrx_word' id='word_1_304' title='bbox 1569 3835 1738 3883; x_wconf 88' lang='lat' dir='ltr'>cetas</span> <span class='ocrx_word' id='word_1_305' title='bbox 1775 3823 1948 3897; x_wconf 83' lang='lat' dir='ltr'>longa</span> <span class='ocrx_word' id='word_1_306' title='bbox 1985 3824 2258 3882; x_wconf 83' lang='lat' dir='ltr'>oratione</span> <span class='ocrx_word' id='word_1_307' title='bbox 2295 3818 2713 3899; x_wconf 84' lang='lat' dir='ltr'>reprehendit.</span> <span class='ocrx_word' id='word_1_308' title='bbox 2806 3822 2945 3883; x_wconf 89' lang='lat' dir='ltr'>Nec</span> <span class='ocrx_word' id='word_1_309' title='bbox 2978 3835 3115 3881; x_wconf 84' lang='lat' dir='ltr'>sane</span> <span class='ocrx_word' id='word_1_310' title='bbox 3152 3820 3363 3883; x_wconf 88' lang='lat' dir='ltr'>Franci</span> <span class='ocrx_word' id='word_1_311' title='bbox 3404 3822 3513 3884; x_wconf 87' lang='lat' dir='ltr'>hac</span> <span class='ocrx_word' id='word_1_312' title='bbox 3548 3824 3611 3882; x_wconf 88' lang='lat' dir='ltr'>in</span> <span class='ocrx_word' id='word_1_313' title='bbox 3648 3839 3711 3883; x_wconf 91' lang='lat' dir='ltr'>re</span> <span class='ocrx_word' id='word_1_314' title='bbox 3746 3824 3905 3883; x_wconf 90' lang='lat' dir='ltr'>omni</span> <span class='ocrx_word' id='word_1_315' title='bbox 3944 3825 4120 3901; x_wconf 82' lang='lat' dir='ltr'>culpa</span> <span class='ocrx_word' id='word_1_316' title='bbox 4164 3838 4409 3886; x_wconf 82' lang='lat' dir='ltr'>vacasse</span> 
     </span>
     <span class='ocr_line' id='line_1_30' title="bbox 1567 3906 4418 4019; baseline 0.001 -34"><span class='ocrx_word' id='word_1_317' title='bbox 1567 3924 1875 4019; x_wconf 83' lang='lat' dir='ltr'>videntur.</span> <span class='ocrx_word' id='word_1_318' title='bbox 1948 3925 2100 3986; x_wconf 77' lang='lat' dir='ltr'>Nam</span> <span class='ocrx_word' id='word_1_319' title='bbox 2141 3925 2371 3987; x_wconf 83' lang='lat' dir='ltr'>etiamsi</span> <span class='ocrx_word' id='word_1_320' title='bbox 2402 3922 2771 3986; x_wconf 84' lang='lat' dir='ltr'>admittamus</span> <span class='ocrx_word' id='word_1_321' title='bbox 2810 3926 3109 3987; x_wconf 86' lang='lat' dir='ltr'>Graecum</span> <span class='ocrx_word' id='word_1_322' title='bbox 3152 3926 3519 4001; x_wconf 84' lang='lat' dir='ltr'>scriptorem</span> <span class='ocrx_word' id='word_1_323' title='bbox 3560 3928 3737 3991; x_wconf 75' lang='lat' dir='ltr'>nImis</span> <span class='ocrx_word' id='word_1_324' title='bbox 3786 3926 4087 3989; x_wconf 86' lang='lat' dir='ltr'>invidiose</span> <span class='ocrx_word' id='word_1_325' title='bbox 4136 3906 4418 3989; x_wconf 63' lang='lat' dir='ltr'>declam}-</span> 
     </span>
    </p>

    <p class='ocr_par' dir='ltr' id='par_1_7' title="bbox 1575 4026 4424 4427">
     <span class='ocr_line' id='line_1_31' title="bbox 1575 4026 4420 4109; baseline 0.001 -20"><span class='ocrx_word' id='word_1_326' title='bbox 1575 4046 1725 4092; x_wconf 87' lang='lat' dir='ltr'>tasse</span> <span class='ocrx_word' id='word_1_327' title='bbox 1772 4030 1848 4093; x_wconf 88' lang='lat' dir='ltr'>de</span> <span class='ocrx_word' id='word_1_328' title='bbox 1907 4027 2346 4106; x_wconf 84' lang='lat' dir='ltr'>impedimentis</span> <span class='ocrx_word' id='word_1_329' title='bbox 2399 4033 2458 4091; x_wconf 90' lang='lat' dir='ltr'>in</span> <span class='ocrx_word' id='word_1_330' title='bbox 2508 4032 2635 4109; x_wconf 84' lang='lat' dir='ltr'>ipsa</span> <span class='ocrx_word' id='word_1_331' title='bbox 2682 4026 2996 4091; x_wconf 88' lang='lat' dir='ltr'>obsidione</span> <span class='ocrx_word' id='word_1_332' title='bbox 3043 4041 3076 4084; x_wconf 85' lang='lat' dir='ltr'>a</span> <span class='ocrx_word' id='word_1_333' title='bbox 3116 4028 3297 4102; x_wconf 91' lang='lat' dir='ltr'>Rege</span> <span class='ocrx_word' id='word_1_334' title='bbox 3340 4026 3655 4102; x_wconf 79' lang='lat' dir='ltr'>obiectis,</span> <span class='ocrx_word' id='word_1_335' title='bbox 3716 4026 3918 4106; x_wconf 88' lang='lat' dir='ltr'>deque</span> <span class='ocrx_word' id='word_1_336' title='bbox 3957 4026 4244 4106; x_wconf 78' lang='lat' dir='ltr'>perfidia,</span> <span class='ocrx_word' id='word_1_337' title='bbox 4294 4048 4420 4109; x_wconf 79' lang='lat' dir='ltr'>qua</span> 
     </span>
     <span class='ocr_line' id='line_1_32' title="bbox 1579 4131 4416 4211; baseline 0.001 -17"><span class='ocrx_word' id='word_1_338' title='bbox 1579 4136 1851 4195; x_wconf 86' lang='lat' dir='ltr'>Graecos</span> <span class='ocrx_word' id='word_1_339' title='bbox 1905 4137 1966 4195; x_wconf 89' lang='lat' dir='ltr'>in</span> <span class='ocrx_word' id='word_1_340' title='bbox 2001 4136 2236 4199; x_wconf 83' lang='lat' dir='ltr'>moenia</span> <span class='ocrx_word' id='word_1_341' title='bbox 2272 4150 2558 4208; x_wconf 85' lang='lat' dir='ltr'>ruentes,</span> <span class='ocrx_word' id='word_1_342' title='bbox 2594 4131 2923 4195; x_wconf 86' lang='lat' dir='ltr'>deditionis</span> <span class='ocrx_word' id='word_1_343' title='bbox 2967 4132 3180 4209; x_wconf 87' lang='lat' dir='ltr'>specie</span> <span class='ocrx_word' id='word_1_344' title='bbox 3220 4132 3293 4193; x_wconf 81' lang='lat' dir='ltr'>ab</span> <span class='ocrx_word' id='word_1_345' title='bbox 3335 4132 3615 4195; x_wconf 87' lang='lat' dir='ltr'>hostibus</span> <span class='ocrx_word' id='word_1_346' title='bbox 3653 4136 4022 4211; x_wconf 82' lang='lat' dir='ltr'>promissae,</span> <span class='ocrx_word' id='word_1_347' title='bbox 4062 4138 4416 4207; x_wconf 72' lang='lat' dir='ltr'>revocarit3</span> 
     </span>
     <span class='ocr_line' id='line_1_33' title="bbox 1582 4236 4424 4317; baseline 0.001 -18"><span class='ocrx_word' id='word_1_348' title='bbox 1582 4237 2057 4303; x_wconf 75' lang='lat' dir='ltr'>st·nibilominus</span> <span class='ocrx_word' id='word_1_349' title='bbox 2107 4240 2445 4313; x_wconf 87' lang='lat' dir='ltr'>neminem,</span> <span class='ocrx_word' id='word_1_350' title='bbox 2485 4242 2591 4317; x_wconf 90' lang='lat' dir='ltr'>qui</span> <span class='ocrx_word' id='word_1_351' title='bbox 2635 4238 3012 4299; x_wconf 83' lang='lat' dir='ltr'>willermum</span> <span class='ocrx_word' id='word_1_352' title='bbox 3050 4253 3189 4298; x_wconf 88' lang='lat' dir='ltr'>cum</span> <span class='ocrx_word' id='word_1_353' title='bbox 3234 4236 3460 4298; x_wconf 87' lang='lat' dir='ltr'>Niceta</span> <span class='ocrx_word' id='word_1_354' title='bbox 3504 4240 3983 4315; x_wconf 86' lang='lat' dir='ltr'>comparaverit,</span> <span class='ocrx_word' id='word_1_355' title='bbox 4016 4239 4139 4299; x_wconf 87' lang='lat' dir='ltr'>boc</span> <span class='ocrx_word' id='word_1_356' title='bbox 4184 4254 4424 4315; x_wconf 80' lang='lat' dir='ltr'>negatu-</span> 
     </span>
     <span class='ocr_line' id='line_1_34' title="bbox 1581 4342 4421 4427; baseline -0.002 -17"><span class='ocrx_word' id='word_1_357' title='bbox 1581 4356 1716 4410; x_wconf 76' lang='lat' dir='ltr'>rum</span> <span class='ocrx_word' id='word_1_358' title='bbox 1753 4344 2082 4425; x_wconf 79' lang='lat' dir='ltr'>existimo,</span> <span class='ocrx_word' id='word_1_359' title='bbox 2115 4346 2519 4411; x_wconf 80' lang='lat' dir='ltr'>Amalriebnm</span> <span class='ocrx_word' id='word_1_360' title='bbox 2555 4356 2624 4407; x_wconf 86' lang='lat' dir='ltr'>et</span> <span class='ocrx_word' id='word_1_361' title='bbox 2667 4344 3049 4427; x_wconf 83' lang='lat' dir='ltr'>praeeipuam</span> <span class='ocrx_word' id='word_1_362' title='bbox 3085 4358 3343 4409; x_wconf 84' lang='lat' dir='ltr'>caussam</span> <span class='ocrx_word' id='word_1_363' title='bbox 3389 4342 3579 4409; x_wconf 80' lang='lat' dir='ltr'>fuisse</span> <span class='ocrx_word' id='word_1_364' title='bbox 3624 4344 3904 4425; x_wconf 78' lang='lat' dir='ltr'>inopiae,</span> <span class='ocrx_word' id='word_1_365' title='bbox 3951 4357 4104 4425; x_wconf 80' lang='lat' dir='ltr'>qnae</span> <span class='ocrx_word' id='word_1_366' title='bbox 4144 4345 4421 4407; x_wconf 81' lang='lat' dir='ltr'>Graecos</span> 
     </span>
    </p>
   </div>
  </div>
 </body>
</html>
