5242 6192
2228 776 2319 872 (
2376 784 2551 876 129'
2617 776 2701 875 J

1042 980 1135 1037 dit
1174 971 1365 1034 iliius-
1375 970 1809 1048 negligentiae,
1849 962 1999 1047 quae
2014 963 2143 1029 ln
2154 970 2354 1032 Medii
2402 970 2554 1036 Aev'i
2581 950 2996 1049 scriptoribus
3041 976 3335 1055 imprimis
3376 980 3854 1055 reprehendenda

1040 1092 1170 1149 est,
1207 1079 1525 1139 nemmem
1558 1087 1761 1135 rerum
1792 1090 2095 1151 gestarum
2132 1074 2395 1139 ordinem
2434 1080 2780 1169 turpissime
2821 1078 3281 1153 deserentibus,
3318 1097 3492 1155 atque
3527 1080 3675 1170 adeo
3705 1086 3858 1145 den-

1040 1174 1299 1243 sissimus
1326 1192 1517 1257 ‘saepe
1550 1180 1821 1243 tenebras
1854 1180 2146 1243 historiae
2180 1162 2648 1247 obducentibus.
2724 1182 2959 1258 Nempe
3005 1184 3102 1241 illa
3138 1186 3419 1260 eclipsis,
3460 1200 3609 1259 quae
3647 1200 3861 1252 revera

1046 1286 1203 1345 fere
1230 1285 1533 1359 generalis
1568 1284 1683 1345 fuit
1726 1281 1989 1359 (decern
2042 1303 2258 1364 nempe
2312 1292 2603 1366 pollicum
2652 1303 2786 1347 eum
2843 1280 3142 1361 dimidio)
3198 1286 3411 1349 incidit
3451 1290 3511 1347 in
3559 1286 3717 1348 diem
3757 1306 3864 1349 no-

1046 1404 1185 1448 num
1220 1389 1366 1469 Julii
1412 1389 1603 1461 1218,
1644 1382 1823 1462 arque
1855 1382 2051 1463 igitur
2093 1409 2213 1452 non
2266 1393 2509 1455 modico
2552 1405 2826 1468 tempore
2859 1403 2996 1465 post
3030 1386 3346 1452 adventum
3386 1388 3862 1454 Christianorum

1044 1496 1244 1552 locum
1282 1492 1529 1565 habuit,
1567 1489 1674 1550 sed
1722 1495 1949 1554 exactis
1987 1486 2222 1556 demum
2258 1497 2479 1558 diebus
2518 1496 2771 1556 circiter
2812 1492 3232 1568 quadraginta,
3272 1510 3409 1554 cum
3449 1496 3660 1556 Turris
3689 1499 3866 1557 Nilo·

1042 1598 1175 1657 tica.
1206 1598 1319 1671 jam
1374 1597 1781 1657 vehementius
1826 1602 2149 1674 oppugnari
2212 1604 2557 1679 coepisset,
2614 1613 2877 1673 cumque
2935 1614 3004 1657 ea
3064 1600 3259 1657 omnia
3305 1600 3416 1673 jam
3471 1590 3864 1673 accidissent,

1042 1714 1197 1772 quae
1231 1698 1569 1777 tie-impetu
1606 1700 1667 1759 in
1711 1700 2069 1774 Saracenos,
2115 1702 2214 1763 die
2264 1705 2575 1764 Dominica
2618 1717 2757 1777 post
2795 1700 3016 1759 festum
3054 1701 3292 1780 Joannis
3331 1704 3672 1777 Baptistae,
3723 1707 3768 1765 i.
3807 1719 3867 1767 e.

1044 1803 1328 1864 Kalendis
1358 1804 1538 1879 juliis
1560 1846 1583 1876 ,
1618 1803 1822 1878 facto,
1860 1782 2072 1881 postea
2096 1805 2339 1867 demum
2380 1808 2456 1868 C.
2487 1808 2545 1867 8.
2587 1823 2656 1880 Ρ.
2687 1818 2828 1880 1403
2875 1804 3087 1861 retulit
3121 1806 3452 1867 oliverius.

1118 1903 1215 1967 Ad
1252 1914 1319 1970 ιι.
1352 1909 1449 1981 36.
1504 1924 1568 1983 Ρ.
1596 1911 1843 1983 78.-vs.
1876 1908 2293 1987 antepenult.]
2352 1908 2808 1986 Quadrir‘nestre
2855 1906 3112 1981 spatium
3167 1910 3226 1966 in
3279 1910 3664 1985 expugnanda
3709 1910 3864 1970 turri

1042 2003 1313 2073 Nilotica
1338 2026 1739 2077 consumtum
1776 2013 2006 2088 fuisse,
2046 2018 2217 2077 etiam
2236 2012 2503 2077 restatur
2542 2012 2660 2071 Bar
2704 2010 2897 2070 Hebr.
2941 2012 3002 2069 in
3032 2009 3240 2074 chron.
3279 2014 3408 2089 Syr.
3445 2032 3506 2088 p.
3536 2017 3668 2088 458.
3708 2045 3717 2053 ·

1119 2110 1215 2173 Ad
1252 2128 1315 2174 n.
1344 2128 1441 2188 45.
1468 2132 1538 2190 Ρ.
1560 2116 1661 2189 96.
1704 2132 1797 2175 vs.
1834 2119 1927 2180 18.
2006 2119 2193 2183 Locis
2226 2118 2324 2179 de
2338 2120 2397 2182 al
2420 2116 2656 2180 Hskkar
2703 2126 2760 2172 et
2798 2114 2850 2171 al
2894 2112 3228 2174 Hakkariah
3268 2114 3518 2175 laudatis
3553 2114 3702 2171 adde
3751 2116 3870 2172 Bar

974 2254 981 2260 -
1046 2214 1233 2287 Hebr.
1268 2217 1327 2274 in
1366 2214 1573 2280 Chr-on.
1604 2220 1755 2295 Syr.
1772 2238 1841 2295 p
1868 2223 2011 2305 558,
2040 2222 2175 2281 ·ubl
2213 2220 2465 2295 scriptio
2498 2204 2917 2302 men-2007?
2965 2202 3191 2293 hmo..
3249 2220 3795 2294 pronuntiationem
3836 2231 3867 2274 a

1045 2324 1281 2389 Lexico
1326 2329 1559 2402 Geogr.
1594 2329 1843 2389 oblatam
1880 2330 2129 2403 egregie
2169 2327 2495 2395 confirmat.

1120 2430 1217 2493 Ad
1254 2448 1332 2492 n.·
1340 2433 1439 2507 46.
1476 2451 1543 2507 Ρ.
1567 2433 1667 2505 96.
1706 2444 1801 2495 vs·-
1818 2434 1917 2494 28.
1998 2431 2179 2506 Quod
2210 2432 2309 2491 de·
2320 2435 2374 2491 al
2414 2430 2668 2491 Maleko
2685 2432 2752 2489 ai·
2771 2428 3028 2504 Fayezo
3043 2430 3304 2512 Jacobus
3339 2430 3736 2493 vitriacensis
3775 2444 3869 2485 re·

1046 2535 1208 2605 fert,
1250 2552 1383 2596 eum
1406 2533 1677 2607 Regiani
1702 2536 2048 2606 Gemellae,
2085 2534 2215 2596 sive
2254 2536 2627 2602 Emesenae,
2643 2534 3046 2609 ·.praefectum
3079 2534 3311 2601 fuisse,
3341 2530 3402 2589 ld
3433 2529 3869 2607 quodammodo

1050 2630 1652 2691 confirmarividerur
1664 2634 2018 2719 Abulsedae
2036 2638 2496 2720 auctoritateA.
2510 2636 2603 2702 M.
2636 2637 2711 2695 Τ.
2731 2637 2928 2711 1v.p.
2948 2638 3095 2709 184,
3135 2636 3240 2707 qui
3271 2634 3466 2697 refert
3483 2638 3538 2695 al
3557 2635 3866 2698 Malekum

1046 2734 1100 2791 al
1122 2731 1415 2807 Fayezum
1456 2735 1516 2793 in
1546 2736 1900 2813 regionibus
1930 2707 2339 2808 ,Orientai'ibus
2373 2736 2571 2806 sedem
2610 2733 2785 2815 regni
2810 2738 3130 2823 babuisse,
3170 2738 3308 2797 dum
3343 2752 3510 2815 pater
3555 2741 3610 2797 al
3641 2737 3872 2799 Adelus

1050 2836 1393 2921 Aegyptum
1424 2853 1799 2937 ⁸occuparet,
1822 2843 1935 2903 cui
1970 2844 2288 2941 assentitur
2321 2844 2496 2902 etiam
2516 2842 2866 2901 Nuweirius
2899 2842 3689 2912 narrans‚alcame1um,a
3711 2856 3874 2915 patre

1048 2940 1102 2999 al
1123 2938 1320 2999 Adelo
1359 2956 1435 2999 ex
1460 2921 1707 3002 Oriente
1748 2928 2100 3017 evocatum,
2130 2946 2567 3023 praefecturam
2602 2956 2762 3004 suam
2801 2942 2966 3001 fratri
3001 2942 3052 2998 al
3075 2942 3320 3015 Fayezo
3355 2941 3689 3006 tradidisse.
3755 2941 3872 3003 Sed

1044 3044 1197 3103 licet
1219 3045 1319 3105 hic
1344 3032 1599 3105 duorum
1619 3062 1932 3109 auctorum
1958 3029 2288 3149 consensus
2312 3064 2543 3109 omnem
2568 3048 3005 3145 suspicionem
2997 3042 3243 3105 mendae
3265 3047 3467 3118 tollat,
3490 3048 3871 3109 nihilominus

1047 3160 1257 3207 eorum
1290 3136 1696 3247 testimonium
1717 3170 1850 3214 cum
1876 3156 2031 3227 illis,
2052 3169 2215 3239 quae
2238 3122 2332 3212 νέῐ
2365 3169 2394 3211 a
2424 3152 2777 3250 Makrizio,
2807 3154 2906 3211 vel
2931 3148 3001 3207 ab
3037 3148 3168 3243 ipso
3189 3150 3509 3211 Nuweirio
3531 3151 3876 3229 referuntur

1051 3245 1126 3310 de
1150 3236 1637 3335 Ειιιιιάἀοᾶἀίιιὸ,
1642 3260 1803 3341 qui,
1831 3273 2110 3333 regnante
2135 3260 2186 3316 al
2206 3259 2475 3334 Fayezo,
2500 3258 2690 3317 omnia
2711 3256 2896 3315 facile
2921 3255 2981 3311 in
3009 3271 3112 3313 sua
3140 3268 3402 3328 potesta*
3455 3252 3519 3295 ’θ
3544 3242 3872 3305 habiturum

1050 3368 1184 3413 esse
1218 3336 1531 3428 sperabat,
1563 3362 1704 3421 item
1738 3361 1815 3422 de
1848 3364 1900 3421 al
1932 3363 2202 3438 Fa‘yezo,
2230 3363 2441 3421 castris
2471 3360 2890 3441 Dimyathenis
2921 3372 2952 3415 a
2978 3357 3088 3399 f·-
3067 3344 3259 3393 ‘smus
3293 3337 3608 3412 ἓῦῙΕὲἋῑΟ,
3637 3357 3696 3405 et
3733 3361 3870 3407 cum

1054 3447 1249 3509 uteri&
1271 3438 1345 3507 δᾶ
1360 3448 1709 3537 Prlncipes·
1692 3456 1751 3524 iti
1772 3464 1997 3540 Syriam
2022 3466 2202 3525 misso
2238 3479 2358 3526 etc.
2419 3463 2644 3497 111111
2649 3461 2674 3494 s
2711 3442 2900 3509 igitur
2929 3438 3039 3497 vix
3061 3441 3378 3501 conciliari
3401 3460 3582 3517 posse
3615 3447 3874 3507 arbitra-

1050 3570 1202 3612 mur.
1260 3544 1413 3605 Nam
1444 3545 1593 3602 haec
1625 3565 1819 3597 om...
1870 3570 1979 3601 ..ω
2012 3570 2079 3599 υ
2088 3556 2336 3601 tenuere
2363 3540 2691 3625 videntur,
2726 3555 2862 3599 eum
2895 3555 3020 3601 tum
3025 3544 3333 3627 temporis
3360 3545 3553 3608 adhuc
3584 3552 3871 3614 minorem

1053 3668 1232 3722 natu,
1288 3666 1403 3709 nec
1448 3648 1509 3705 In
1560 3658 1707 3715 sua,
1745 3640 1853 3701 sed
1891 3645 1955 3701 in
2010 3644 2260 3704 fratrum
2312 3660 2607 3719 potestate
2657 3646 2867 3708 fuisse.
2947 3642 3111 3705 Haec
3150 3663 3344 3710 autem
3391 3654 3694 3729 quomodo
3729 3674 3878 3717 con-

1040 3748 1315 3817 veniant
1330 3755 1389 3813 in
1430 3766 1597 3821 eum,
1640 3747 1742 3823 qui
1766 3734 1899 3821 iarn
1932 3748 2009 3830 A.
2028 3736 2114 3809 H.
2150 3761 2262 3825 597
2303 3740 2888 3825 (chamo-1)
2930 3756 3226 3811 tractuum
3275 3756 3668 3818 Orientalium
3711 3777 3886 3835 prae·

1054 3862 1351 3920 secturam
1385 3826 1684 3923 obtinuit,
1707 3850 1903 3927 atq‘ue
1914 3848 2065 3911 adeo
2100 3842 2289 3931 ipsum
2317 3855 2371 3911 al
2399 3834 2708 3913 lvialeknm
2734 3856 2788 3911 al
2813 3852 3209 3929 Ascbrafum‚
3233 3858 3286 3915 al
3312 3858 3541 3921 Malcki
3578 3865 3630 3921 al
3654 3866 3882 3925 Cameli

1050 3962 1183 4022 'fere
1221 3963 1564 4037 aequalem,
1602 3960 1723 4032 qul
1746 3948 1903 4014 ‘anno
1941 3928 2177 4015 demum
2212 3956 2325 4016 600
2365 3956 2567 4032 (Chr.
2609 3956 2948 4033 1203—4)
3000 3958 3187 4033 prima
3237 3974 3392 4018 arma
3444 3966 3700 4035 gessisse
3757 3984 3877 4027 me·

1062 4077 1325 4125 moratur
1364 4060 1629 4139 (Abulf.
1666 4058 1747 4123 A.
1784 4058 1876 4121 Μ.
1916 4058 1993 4120 T.
2025 4060 2129 4122 Ν.
2165 4078 2231 4135 Ρ.
2260 4059 2468 4139 208),
2508 4063 2725 4144 procul
2765 4059 2953 4120 dubio
2989 4061 3258 4119 nonnihil
3296 4076 3481 4122 aetate
3515 4071 3890 4129 antecessit?

1064 4166 1241 4251 Quod
1274 4164 1517 4239 quidem
1550 4166 1600 4222 si
1633 4162 1980 4233 admiseris,
2016 4165 2067 4222 al
2098 4164 2393 4238 Fayezum
2429 4164 2760 4225 obsidionis
2785 4164 3230 4239 Dimyathensis
3261 4177 3530 4239 tempore
3563 4170 3640 4231 A.
3663 4172 3737 4229 H.
3768 4171 3877 4247 615

1052 4286 1272 4331 annum·
1316 4272 1436 4344 iam
1481 4268 1748 4343 attigisse
1780 4254 2302 4344 quadragesimum
2343 4251 2670 4329 fateberis·
2715 4276 2850 4328 nam
2899 4268 3270 4344 sexagesimo
3315 4268 3638 4329 defunctus
3682 4286 3769 4332 est
3821 4278 3874 4333 al

2571 4368 2636 4429 R
3803 4377 3890 4436 A.
