5242 6192
2743 773 2796 869 (’
2893 686 3173 869 ²⁶00r'·)

1548 976 1770 1038 mensis
1816 975 2118 1049 vigesimo
2170 984 2389 1031 octavo
2438 965 2826 1043 respondeat.
2925 970 3134 1030 Talem
3177 980 3371 1030 autem
3415 985 3621 1032 -rerum
3683 971 4138 1049 conditionem,
4165 946 4387 1052 -qualis

1556 1096 1697 1143 tunc
1733 1083 1793 1141 in
1831 1077 2052 1139 sultani
2084 1075 2382 1151 Aegyptii
2408 1074 2617 1135 castris
2657 1072 2812 1145 fuit,
2855 1090 2965 1150 per
3005 1076 3274 1150 integros
3307 1073 3436 1135 dies
3475 1058 3776 1137 tredecim
3813 1074 3947 1156 (tot
3987 1084 4142 1143 enim
4177 1098 4210 1141 a
4248 1084 4383 1159 Fuga

1504 1252 1509 1257 ,
1552 1189 1607 1247 al
1645 1185 1866 1247 Cameli
1908 1178 1981 1239 ad
2029 1180 2231 1240 fratris
2277 1177 2593 1263 adventum
2629 1174 3034 1254 effluxerint)
3075 1179 3362 1241 mansisse
3401 1180 3733 1253 immotam,
3771 1197 3888 1245 nee
3938 1187 4118 1247 ullam
4159 1188 4385 1247 interea

1554 1292 1617 1348 in
1654 1290 1903 1360 melius,
1941 1300 2043 1347 aut
2080 1286 2141 1347 in
2172 1282 2476 1355 deterius,
2506 1280 2900 1342 mutationem
2931 1283 3306 1363 contIgisse,
3333 1286 3451 1344 nisi
3486 1286 3660 1359 plane
3695 1286 4051 1349 incredibile
4073 1291 4187 1359 sit,
4229 1291 4390 1349 inter

1550 1394 1887 1455 rarissimos
1920 1396 2127 1453 saltem
2168 1405 2337 1449 casus
2378 1386 2765 1447 referendum
2806 1398 2942 1445 esse
2991 1398 3240 1449 censeo.
3317 1384 3486 1462 Quid
3523 1394 3731 1451 enim?
3781 1392 4052 1453 Sultanus
4087 1391 4389 1469 proditio·

1548 1512 1687 1557 nem
1727 1511 1861 1556 esse
1908 1494 2146 1558 videbat
2179 1498 2239 1555 in
2275 1493 2530 1562 castris,
2576 1504 2639 1580 qt
2688 1487 3054 1568 imprudenti
3086 1491 3228 1565 fuga
3261 1493 3602 1568 periculum
3650 1484 4057 1572 maximopere
4096 1509 4385 1568 auxerat,

1554 1617 1909 1676 omnemque
1946 1600 2321 1676 disciplinam
2359 1596 2675 1659 militarem
2715 1596 2956 1675 penitus
3007 1598 3372 1669 sustulerat,
3409 1612 3589 1676 atque
3621 1597 3770 1659 adeo
3813 1600 4147 1673 longiorem
4187 1602 4248 1657 in
4280 1616 4382 1659 au-

1551 1705 1837 1763 ctoritate
1904 1700 2123 1762 tuenda
2178 1718 2402 1763 moram
2474 1702 2733 1762 trahenti
2794 1702 3352 1777 praesentissimum
3407 1703 3660 1765 exitium
3711 1703 4066 1766 imminebat.
4162 1704 4383 1764 Emiris

1547 1820 1763 1869 contra
1784 1849 1805 1881 ,
1839 1805 2159 1884 patefactis
2192 1805 2307 1879 iam
2337 1804 2605 1865 consiliis
2625 1844 2648 1875 ,
2677 1805 2836 1865 nulla
2854 1805 2974 1864 nisi
3009 1807 3070 1865 in
3101 1806 3381 1868 instituto
3411 1821 3782 1882 quantocyus
3814 1803 4196 1883 perficiendo
4227 1809 4382 1867 salus

1551 1911 1761 1973 relicta
1802 1924 1946 1972 erat.
2040 1911 2445 1990 Quamobrem
2485 1907 2790 1983 quomodo
2830 1910 3112 1986 Princeps
3156 1908 3460 1985 ducesque
3509 1912 3770 1973 rebelles
3806 1912 3868 1971 in
3898 1927 4022 1973 uno
4059 1910 4392 1985 eodemque

1558 2014 1883 2087 exercitu,
1921 2030 2089 2079 tanto
2129 2016 2419 2093 temporis
2473 2014 2707 2089 spatio,
2747 2014 2941 2090 quieti
2983 2028 3160 2089 egere
3198 2017 3554 2090 potuerint,
3593 2018 3698 2075 vix
3740 2017 4144 2091 intelligimus.
4221 2014 4389 2088 Ergo

1551 2130 1797 2177 eatenus
1822 2122 2030 2181 saltem
2064 2120 2473 2181 verosimilior
2517 2133 2609 2179 est
2648 2103 2915 2179 narratio
2945 2118 3053 2178 lbn
3083 2118 3326 2191 Ferati,
3369 2120 3424 2177 al
3457 2118 3769 2179 Malekum
3803 2121 3858 2177 al
3889 2116 4391 2179 Moadhdhamum

1556 2219 1759 2279 triduo
1794 2239 1935 2298 post
1966 2226 2275 2285 transitum
2316 2226 2682 2287 Francorum
2711 2224 3025 2285 advenisse
3057 2221 3409 2287 referentis.
3488 2217 3606 2282 sed
3633 2224 3782 2284 haee
3813 2224 3915 2282 alii
3945 2220 4212 2282 videant.
4271 2222 4396 2299 Jam

1551 2322 1866 2386 redeamus
1918 2325 1990 2385 ad
2028 2330 2455 2404 Nuweirium,
2503 2330 2611 2407 qui
2651 2329 2728 2389 de
2773 2324 3228 2398 Emadoddino,
3265 2323 3694 2387 Moadbdhami
3743 2340 3931 2401 opera
3978 2326 4038 2383 in
4087 2326 4394 2385 Ori-entem

1558 2440 1758 2487 amoto
1782 2468 1805 2500 ,
1842 2434 2150 2507 sequentia
2190 2436 2409 2498 refert.
2484 2436 2764 2512 Deinceps
2797 2436 2866 2495 ai
2891 2432 3158 2497 Malekus
3200 2433 3272 2492 al
3295 2427 3754 2493 Moadhdhamus
3787 2449 3830 2491 a
3847 2430 4056 2506 fratre
4103 2448 4223 2489 rem
4269 2428 4398 2489 edo-

1560 2544 1685 2592 ctus
1703 2575 1724 2605 ,
1744 2551 1882 2609 equo
1898 2552 2177 2597 conscenso
2198 2552 2253 2593 se
2278 2535 2365 2595 ad
2378 2535 2757 2595 Emadoddini
2775 2540 3086 2597 tentorium
3113 2537 3357 2599 contulit
3371 2576 3391 2607 ,
3418 2540 3522 2611 qui
3549 2552 3673 2597 cum
3694 2534 3848 2595 iliud
3859 2537 4159 2609 accepisset
4174 2573 4196 2603 ,
4225 2535 4400 2591 servis

1558 2638 1678 2693 suis
1707 2640 2001 2710 praecepit
2021 2678 2041 2709 ,
2098 2641 2194 2697 uti
2224 2654 2281 2695 se
2313 2654 2495 2697 somno
2540 2640 2886 2713 implicitum
2928 2656 3042 2699 esse
3075 2638 3349 2701 dicerent.
3424 2640 3550 2715 Quo
3589 2638 3787 2701 audito
3807 2674 3833 2709 ,
3867 2626 4040 2711 ergo,
4093 2638 4288 2709 inquit
4319 2634 4407 2693 At
4483 2632 4488 2637 ’

1556 2736 1826 2801 Maleltus
1858 2740 1931 2801 al
1950 2738 2411 2803 Moadhdbamu's
2426 2782 2457 2814 ,
2485 2744 2774 2818 tantisper
2797 2744 3243 2818 exspectabimus
3259 2782 3284 2817 ,
3319 2742 3488 2802 donec
3527 2741 3870 2820 expergefiat
3889 2781 3912 2814 ,
3951 2740 4404 2815 complicatisque

1556 2846 1623 2901 in
1642 2848 1860 2904 cervice
1895 2849 2029 2921 equi
2062 2848 2155 2905 sui
2174 2845 2413 2922 pedibus
2426 2884 2449 2917 ,
2486 2845 2756 2907 consedit.
2809 2827 2924 2906 Sed
2951 2865 3013 2908 eo
3047 2846 3266 2908 diutius
3291 2864 3506 2909 moram
3531 2842 3796 2908 trahente
3817 2884 3840 2917 ,
3877 2843 3962 2905 ad
3996 2854 4310 2905 extremum
4332 2841 4401 2900 de

1552 2952 1655 3017 rei
1680 2953 1848 3010 exitu
1887 2951 2001 3011 sibi
2025 2960 2273 3010 metuens
2292 2948 2716 3011 Emadoddinus
2735 2988 2758 3021 ,
2796 2955 2915 3011 sine
2944 2956 3121 3019 ocreis
3146 2969 3395 3028 egressus
3411 2990 3434 3022 ,
3471 2952 3867 3028 Principisque
3909 2966 4140 3011 manum
4179 2962 4408 3008 exoscu-

1560 3051 1720 3111 latus
1756 3064 1861 3116 est.
1937 3054 2074 3113 Tum
2112 3054 2183 3113 al
2215 3052 2489 3115 Maleleus
2532 3057 2603 3116 ai
2643 3052 3138 3116 Moadhdhamus:
3197 3054 3474 3133 Equidem
3517 3056 3688 3116 uelim
3742 3056 4165 3131 aliquantisper
4197 3064 4407 3111 mecum

1566 3154 1902 3227 egrediatur
1957 3156 2192 3217 Emirus
2208 3194 2234 3229 ,
2270 3169 2340 3219 ut
2374 3156 2444 3219 de
2493 3164 2772 3222 communi
2811 3163 3040 3222 consilio
3081 3178 3208 3223 cum
3249 3178 3311 3220 eo
3358 3178 3531 3237 agam
3577 3158 3649 3219 de
3690 3155 3969 3220 machinis
4015 3162 4079 3215 in
4129 3157 4242 3213 oris
4273 3150 4412 3211 Nili

1566 3236 1823 3366 (2⁶9¹)
1863 3264 2169 3337 erigendis
2241 3256 2465 3325 Deinde
2498 3265 2774 3329 hominem
2790 3306 2812 3341 ,
2848 3273 2954 3345 qui
2976 3285 3179 3345 equum
3209 3272 3440 3331 interea
3465 3268 3899 3341 conscenderat,
3932 3280 3994 3326 ee
4029 3281 4201 3341 usque
4228 3257 4406 3320 abdu-

1568 3377 1709 3443 xit,
1746 3381 1806 3430 et
1840 3368 2301 3445 confabulatione
2334 3390 2437 3433 sua
2471 3375 2725 3436 detinuit
2759 3380 2830 3438 al
2844 3376 3296 3439 Moadhdhamus
3313 3414 3337 3449 ,
3372 3377 3540 3439 donec
3570 3380 3762 3453 copiae
3793 3373 3946 3447 suae!
3967 3374 4249 3433 militares
4283 3384 4411 3428 eum
4477 3442 4496 3451 q

1569 3474 1822 3552 undique
1857 3474 2191 3534 cinxissent.
2267 3476 2549 3535 Postremo
2581 3488 2748 3535 torro
2777 3481 2944 3539 uultu
2979 3485 3042 3541 in
3075 3500 3202 3544 eum
3235 3499 3560 3543 conver-sust
3595 3480 3756 3538 Num
3775 3478 3940 3563 fhrte
3960 3514 3981 3546 ,
4018 3476 4247 3550 inquit·
4283 3488 4408 3533 0⁸²⁸

1568 3579 1757 3639 obiret
1790 3576 2067 3637 Suitanus
2114 3577 2185 3637 al
2210 3574 2475 3638 Maleleus
2507 3579 2579 3639 a}
2600 3576 2850 3655 Aldus,
2888 3586 3044 3642 inter
3079 3586 3286 3645 liberos
3319 3600 3438 3645 suos
3470 3597 3642 3641 unum
3682 3578 3922 3652 reliquit
3962 3574 4410 3635 Emadoddinum

1570 3682 1673 3739 ibn
1705 3681 1774 3739 ai
1800 3676 2129 3739 Meschtoub
2146 3682 2178 3739 Ρ
2232 3682 2393 3757 Quae
2422 3696 2548 3743 cum
2580 3684 2832 3745 audisset
2867 3689 3025 3747 alter
3041 3730 3060 3759 ,
3090 3686 3210 3748 Dei
3228 3688 3569 3758 Dominique
3599 3686 3690 3742 sui
3711 3680 3880 3756 fidem
3909 3680 4186 3741 obtestari
4213 3681 4412 3753 coepit.
4441 3690 4450 3699 ‘

1482 3778 1493 3785 ’
1573 3783 1725 3843 Mox
1765 3799 1903 3859 equo
1934 3781 2225 3845 detractus
2260 3765 2555 3861 mutaeque
2576 3790 2867 3865 impositus
2880 3830 2902 3860 ,
2955 3800 3013 3849 et
3038 3794 3292 3867 primum
3330 3784 3760 3852 Aschmoumum
3797 3784 4072 3848 abductus
4085 3820 4108 3853 ,
4145 3782 4276 3841 dein
4306 3778 4418 3855 fa-

1572 3902 1779 3947 cessere
1803 3888 1991 3961 jussus
2008 3929 2027 3960 ,
2066 3902 2427 3949 commeatum
2474 3891 2588 3950 sibi
2625 3890 2803 3951 deesse
2847 3894 3222 3954 caussabatur
3244 3936 3267 3967 ,
3313 3897 3652 3966 veniamque
3689 3892 3930 3965 petebat
3977 3888 4064 3949 ad
4101 3888 4414 3945 tentorium

1571 3990 1846 4051 redeundi
1861 4025 1883 4060 ,
1918 4010 2215 4067 ocreasque
2236 3991 2509 4053 induendi
2534 3998 2918 4068 pecuniaeque
2949 4014 3129 4053 secum
3167 3996 3536 4070 auferendae.
3614 3994 3705 4051 At
3734 3991 3892 4052 dedit
3909 3994 4020 4065 ipsi
4049 3988 4122 4047 al
4151 3984 4414 4045 Malekus

1574 4099 1641 4154 al
1667 4093 2121 4155 Moadhdbamus
2156 4099 2487 4171 quingentos
2526 4112 2726 4155 aureos
2760 4106 2820 4153 et
2862 4100 3091 4171 insuper
3133 4092 3236 4156 hoc
3273 4076 3505 4156 addidit
3522 4136 3544 4166 ,
3604 4091 3882 4170 quidquid
3926 4107 4088 4169 opum
4113 4128 4137 4161 ,
4175 4087 4414 4167 impedi-

1574 4209 1882 4259 mentorum
1896 4201 2389 4275 jumentorumque
2424 4200 2778 4273 reliquisset,
2816 4197 2882 4257 id
2913 4218 3068 4259 omne
3098 4200 3180 4259 ad
3206 4216 3330 4259 eum
3367 4202 3593 4259 missum
3627 4201 3735 4257 iri.
3810 4193 3968 4270 Ergo
4001 4214 4132 4257 mox
4163 4208 4417 4255 reversus

1575 4298 1655 4363 ad
1689 4306 1989 4363 tentorium
2027 4303 2131 4367 Ibn
2162 4304 2231 4365 al
2262 4300 2625 4369 Meschtoubi
2641 4342 2663 4377 ,
2699 4318 2864 4379 equos
2877 4342 2900 4377 ,
2936 4308 3192 4368 sarcinas
3214 4345 3236 4380 ,
3269 4322 3452 4370 servos
3467 4342 3491 4379 ,
3531 4300 3700 4365 uerbo
3725 4298 4006 4377 quidquid
4029 4298 4120 4383 ad·
4138 4314 4268 4360 eum
4281 4310 4420 4370 per·

4337 4395 4430 4457 tc*-
