5242 6192
2761 808 3150 915 (96)

1537 1024 1815 1079 scer-etur
1838 1030 1935 1087 ,et
1972 1012 2292 1075 ferocibus
2322 1011 2531 1073 verbis
2558 1026 2862 1092 exceptus
2883 1029 3083 1085 esset,
3107 1024 3324 1073 summa
3358 1026 3495 1074 eum
3529 1013 3752 1076 virtute
3785 1026 3844 1079 et
3881 1024 4210 1085 constantia
4243 1022 4378 1089 eum

1538 1124 1696 1185 hosti
1746 1118 2129 1196 respondisse
2186 1132 2439 1179 testatur
2477 1116 2634 1179 idem
2681 1138 2748 1197 p.
2781 1134 2888 1197 175
2923 1136 3016 1194 sq.
3097 1118 3356 1179 Primum
3393 1135 3428 1176 a
3471 1118 4098 1187 Francis‘victoribus
4139 1128 4378 1191 duriter

1531 1227 1760 1285 habitus
1802 1223 1903 1301 (p.
1935 1223 2084 1302 209)
2112 1267 2132 1297 ,
2176 1240 2237 1285 nt
2278 1242 2417 1285 mox
2450 1223 2726 1284 dimissus
2770 1228 2804 1297 ς
2823 1244 2884 1302 p.
2915 1220 3120 1298 223).
3149 1238 3498 1299 summoque
3535 1238 3673 1285 cum
3709 1226 3944 1290 honor-e
3989 1246 4052 1291 et
4087 1232 4308 1306 gaudio
4343 1252 4376 1293 a

1530 1328 1801 1390 Saladino
1844 1344 2298 1406 exceptus·,·et
2344 1328 2631 1405 praesidii
2669 1328 3198 1405 Hierosolymitani
3240 1330 3627 1404 praefectura
3676 1348 3916 1393 ornatus
3971 1350 4102 1406 est,
4143 1354 4268 1411 quo
4313 1340 4376 1399 in

1532 1450 1786 1496 munere
1828 1432 1980 1493 diem
2024 1436 2178 1495 obiit
2214 1449 2597 1511 supremum,
2634 1435 2932 1494 vicesimo
2976 1435 3154 1491 tertio
3195 1434 3478 1493 Schawali
3518 1435 3596 1497 A.
3629 1438 3738 1509 588
3774 1434 3968 1514 (Chr.
4003 1440 4378 1519 Πρω-3),

1534 1557 1789 1615 quatuor
1820 1556 1961 1601 ante
2000 1542 2201 1615 ipsum.
2219 1539 2890 1602 saladinummensibus
2914 1536 3012 1616 (p.
3035 1530 3206 1614 268),
3232 1554 3358 1613 quo
3388 1552 3657 1615 tempore
3679 1530 3826 1600 cum'
3857 1558 4060 1603 noster
4079 1546 4376 1605 Emadod.

1538 1644 1753 1717 dinus,
1787 1660 1955 1704 nutus
1994 1647 2071 1707 A.
2096 1658 2205 1721 575
2242 1645 2431 1722 (Chr.
2462 1642 2870 1722 1179—80),
2909 1658 3112 1701 annum
3147 1640 3446 1701 decimum
3481 1644 3722 1703 tertium
3755 1662 4004 1721 ageret,
4045 1648 4201 1708 haud
4229 1652 4372 1711 catis

1530 1750 1740 1811 idonea
1781 1748 1855 1810 de
1886 1765 2106 1821 'caussa
2144 1754 2213 1810 ab
2254 1752 2363 1810 Ibn
2410 1750 2735 1809 Khalicano
2776 1762 2838 1807 et
2874 1746 3178 1806 Makrizio
3219 1747 3473 1808 saladini
3509 1750 3730 1809 Emiric
3771 1756 4081 1814 accenseri
4115 1754 4379 1817 videtur.

1528 1859 1825 1932 Naplousi
1864 1854 2093 1917 reditus
2118 1900 2137 1929 ,
2176 1873 2369 1931 quos,
2413 1868 2567 1914 teste
2600 1854 2710 1913 Ibn
2736 1853 3064 1911 Khalicano
3087 1894 3105 1923 ‚
3137 1856 3194 1911 iu
3229 1858 3359 1911 vita
3379 1853 3800 1925 Emadodds‘m’,
3841 1860 4132 1917 trecentis
4169 1876 4384 1919 aureo.

1534 1974 1661 2019 rum
1708 1962 1975 2022 millibus'
2012 1961 2446 2031 aestimandos,
2486 1971 2655 2033 pater
2693 1970 3009 2033 acceperat
3043 1974 3073 2014 a
3111 1956 3381 2015 saladino
3403 1994 3426 2027 ,
3465 1974 3542 2016 ex
3577 1974 3743 2033 parte
3775 1950 3954 2027 etiam
3991 1962 4122 2022 filio
4165 1964 4376 2025 tributi

1541 2081 1698 2128 sunt.
1778 2066 2047 2141 (Abulf.
2084 2069 2167 2127 A.
2198 2066 2295 2125 M.
2346 2065 2421 2128 T.
2458 2064 2575 2125 IV.
2622 2082 2690 2141 p.
2724 2065 2832 2124 128
2853 2065 2912 2137 ).
2987 2064 3134 2120 Post
3171 2058 3423 2117 Saladini
3459 2076 3709 2121 mortem
3754 2065 4168 2129 Emadoddino
4207 2086 4378 2129 casus

1536 2171 1824 2241 obtigisse
1850 2166 2133 2231 videntur
2156 2169 2467 2229 admodum
2494 2168 2914 2228 memorabiles
2932 2208 2950 2235 ‚
2985 2181 3136 2238 quos
3160 2180 3342 2225 tamen
3370 2166 3702 2239 scriptores
3729 2170 3848 2228 mei
3877 2170 4188 2233 brevitatis
4215 2190 4385 2233 caus·

1531 2259 1600 2335 sa'
1620 2277 1942 2350 omittunt,
1969 2292 2109 2337 ante
2146 2275 2382 2337 insidias
2415 2278 2467 2333 al
2500 2273 2751 2335 Maleko
2779 2270 2831 2331 el
2865 2273 3110 2332 camelo
3135 2271 3206 2329 ab
3236 2268 3652 2331 Emndoddino
3675 2257 4384 2349 struens-‚uienuuam

1530 2397 1627 2441 aut
1660 2379 1970 2441 admodum
2016 2382 2330 2454 exiguam,
2368 2382 2531 2440 illius
2574 2378 2942 2439 mentionem
2977 2374 3298 2439 facientes.
3378 2375 3540 2451 Quid
3583 2391 3777 2441 autem
3815 2392 3878 2437 et
3915 2392 4038 2441 tum
4075 2396 4137 2443 et
4171 2396 4384 2459 postea

1534 2488 1648 2561 ipsi
1678 2482 1973 2547 acciderit
1996 2528 2017 2557 ,
2058 2486 2209 2543 infra
2243 2486 2476 2561 aptiore
2514 2486 2662 2541 loco
2699 2482 3306 2549 commemorabitur,
3331 2480 3440 2541 ubi
3475 2479 3550 2539 de
3575 2480 4030 2557 Emadoddino-‚
4065 2488 4119 2543 al
4155 2486 4382 2547 Maleki

1536 2594 1587 2646 al
1638 2588 2059 2649 Moadhdhami
2088 2588 2371 2663 [consiliis
2426 2604 2501 2647 ex
2544 2588 2597 2645 nl
2639 2587 2872 2646 Cameli
2911 2588 3124 2645 castris
3170 2599 3516 2671 summoto.
3541 2584 3698 2662 apud
3734 2602 4002 2647 nostrum
4037 2604 4233 2649 sermo
4270 2604 4384 2655 est.

1538 2696 1824 2754 Ceterum
1871 2692 1947 2751 de
1992 2693 2223 2753 Emiris
2272 2694 2561 2769 reliquis,
2618 2690 2726 2764 qui
2775 2692 2834 2749 in
2877 2690 2931 2746 al
2975 2691 3206 2751 Cameli
3255 2691 3592 2775 perniciem
3634 2707 4094 2765 consenserant,
4143 2694 4389 2757 Azzod·

1540 2797 1733 2869 diuo,
1772 2795 2158 2867 Asadoddino
2204 2810 2267 2856 et
2316 2793 2795 2871 Modjaheddino
2837 2794 2993 2873 apud
3038 2798 3187 2858 alios
3232 2796 3381 2857 nihil
3425 2784 3710 2872 reperi'03
3747 2796 3899 2858 duos
3943 2800 4187 2875 priores
4231 2802 4388 2861 Cur·

1538 2907 1650 2968 dos
1690 2902 1874 2969 fuisse
1908 2910 2262 2999 cognomina
2296 2910 2348 2968 al
2376 2907 2638 2969 Hakkari
2677 2921 2739 2970 et
2768 2906 2820 2965 al
2845 2905 3082 2967 Hamidi
3113 2904 3404 2985 produnt.
3457 2908 3628 2989 ,Nam¹
3659 2888 3889 3000 Q,
3925 2922 3993 2967 ut
4023 2906 4202 2985 supra'
4233 2908 4394 2968 dlxi.

1542 3038 1712 3093 mus,
1758 3036 1976 3081 nomeu
2019 3024 2140 3083 suit
2198 3036 2275 3081 ex
2318 3022 2476 3081 illius
2512 3019 2706 3091 gentis
2749 3015 3031 3077 tribubus
3073 3020 3203 3078 uni.
3295 3018 3398 3079 Cf.
3447 3034 3750 3094 praeterea
3790 3019 3901 3081 Ibn
3951 3017 4272 3079 Haukalum
4329 3020 4385 3077 in

1545 3124 1785 3187 dissert.
1826 3105 2267 3205 Uylenbroeki
2256 3144 2271 3183 1
2312 3124 2378 3185 de
2428 3122 2599 3189 [raca
2641 3124 2891 3183 Persica
2915 3138 2981 3196 ρ.
3007 3134 3073 3197 7.
3112 3120 3304 3183 Arab.
3353 3140 3418 3197 p.
3444 3141 3485 3199 9
3525 3142 3672 3186 vers.
3773 3180 3781 3191 ,
3905 3123 3918 3135 ’

1621 3229 1658 3305 <
1674 3226 1806 3304 46)
1850 3218 1949 3288 Al
1982 3227 2275 3289 Male-kun:
2308 3228 2375 3289 a!
2407 3226 2684 3305 Fayezum
2725 3222 3129 3303 Ibrahs‘mum]
3196 3224 3318 3286 Pro
3353 3228 3405 3285 al
3443 3228 3690 3289 Maleko
3725 3230 3774 3287 al
3813 3205 4053 3307 Faye²zo
4083 3228 4395 3309 pe‘rperam

1548 3336 1773 3408 legitur
1817 3332 1971 3411 apud
2009 3335 2118 3393 Ibn
2160 3334 2212 3389 al
2248 3332 2509 3391 Atsirum
2544 3334 2586 3393 l.
2610 3336 2661 3393 l.
2699 3350 2762 3408 p.
2791 3332 2906 3407 560
2939 3334 2990 3390 al
3029 3330 3312 3391 Malekus
3355 3334 3406 3391 al
3445 3332 3688 3405 Said‘us,
3742 3351 3866 3409 quo
3913 3339 4154 3393 nomine
4187 3351 4263 3395 ex
4307 3352 4392 3394 se-
4445 3400 4453 3409 .

1546 3436 1914 3516 ptemdecim
1960 3440 2015 3496 al
2056 3436 2234 3495 Adeli
2290 3435 2421 3494 filiis
2468 3434 2611 3509 (tot
2664 3435 2816 3491 enim
2851 3435 3102 3506 habuit',
3137 3450 3256 3495 non
3310 3418 3684 3510 quindecim,
3721 3452 3788 3495 ut
3825 3436 4082 3511 jacobus
4126 3431 4201 3494 de
4233 3436 4396 3500 Vitr.

1551 3562 1613 3618 p.
1645 3559 1783 3619 1125
1824 3543 2111 3621 testatur)
2158 3556 2338 3599 nemo
2380 3537 2810 3626 insigniefuit.
2893 3538 3048 3599 Cum
3087 3547 3304 3599 nostro
3339 3542 3726 3598 consentiunt
3762 3539 3870 3597 lbn
3908 3538 4083 3600 Ferat
4141 3540 4182 3597 l.
4208 3541 4249 3601 l.
4290 3542 4332 3600 l.
4357 3542 4398 3603 l.

1554 3666 1616 3723 p.
1647 3662 1754 3724 771
1810 3660 1871 3707 et
1899 3648 2015 3707 Bar
2034 3646 2343 3704 Hebraeus
2378 3643 2439 3701 in
2461 3638 2674 3705 Clu-on.
2696 3641 2829 3717 Syr.
2869 3659 2929 3717 p.
2951 3658 3085 3717 459.
3161 3638 3238 3702 A'l
3273 3630 3552 3703 Maleift'us
3587 3636 3927 3719 ai'ffiiy'eaeus
3964 3638 4398 3702 sibiffiddffim

1550 3754 1727 3811 Abou
1750 3750 2065 3811 Thaherus
2096 3748 2423 3808 lbi-abimus
2458 3746 2613 3822 apud
2635 3744 3014 3805 Nuweirium
3047 3746 3201 3805 inter
3233 3748 3287 3806 nl
3306 3744 3484 3806 Adeli
3509 3744 3661 3805 filios
3688 3762 3903 3806 octavo
3928 3750 4072 3805 loco
4097 3748 4397 3823 ponitur.

1552 3852 1710 3934 apud
1759 3856 2049 3935 Jacobum
2080 3852 2258 3913 ·Vitr.
2317 3852 2515 3910 tertio.
2616 3850 2876 3921 Tertius,
2933 3850 3169 3923 inquit,
3209 3848 3370 3922 filius
3419 3862 3503 3909 est
3551 3858 3771 3929 nornine
3822 3848 4234 3929 Melche‘pat’s‚'
4263 3852 4302 3911 i.
4337 3865 4396 3910 e.

1542 3962 1785 4037 grandis
1822 3956 2085 4038 (potius
2128 3956 2271 4017 Rex
2318 3952 2525 4027 felix)
2565 3957 2667 4027 qm·
2713 3964 2870 4012 tenet
2901 3964 3126 4011 terram
3145 3988 3167 4021 ,
3220 3970 3368 4028 quae
3420 3954 3641 4013 dicitur
3685 3956 3973 4023 Gemella,
4011 3960 4074 4012 ἐπ
4105 3962 4221 4030 qula
4267 3966 4398 4014 sune

1555 4083 1665 4139 400
1700 4070 1857 4125 inter
1892 4068 2199 4133 civitates,
2237 4072 2470 4129 castra,
2504 4058 2678 4115 villas
2723 4069 2783 4115 et
2815 4058 3177 4118 munitiones.
3253 4054 3399 4131 Quo
3444 4056 3504 4115 in
3537 4059 3679 4115 loco
3727 4059 3784 4115 in
3822 4072 4086 4131 magnum
4123 4072 4400 4118 errorem

1560 4169 1769 4229 incidit
1810 4168 2104 4251 Jacobus,
2148 4169 2201 4225 nl
2241 4166 2487 4239 Fayezo
2522 4160 2818 4220 ditionem
2865 4159 3172 4218 Gemellae
3214 4158 3542 4222 tribuens.·
3597 4160 3858 4219 Gemella
3897 4162 4052 4220 enim
4090 4161 4308 4232 (sive.
4338 4178 4404 4223 ut

1558 4274 1629 4327 ab
1670 4270 1879 4331 eodem
1912 4271 2275 4333 Vitriacensi
2308 4268 2595 4329 scribitur
2633 4268 2691 4325 in
2723 4246 2880 4325 Hire.
2902 4258 3127 4357 Hierfor.
3164 4265 3242 4325 Ο.
3267 4278 3380 4337 925
3417 4264 3751 4333 chemae,
3786 4267 3884 4323 vel
3922 4280 3988 4325 ut
4018 4268 4120 4325 alil
4153 4264 4406 4325 efferunt

1554 4372 1753 4437 aaudd.
1796 4392 1827 4432 n
1868 4374 2174 4437 Koehlero
2222 4375 2293 4434 ad
2332 4376 2471 4437 Tab.
2516 4370 2654 4447 Syr.
2708 4388 2772 4449 p.
2813 4384 2944 4446 104.
2999 4385 3059 4430 n.
3104 4370 3208 4429 128
3255 4368 3534 4437 Cameia',
3580 4367 3904 4439 Calameln,
3945 4372 4042 4426 vel
4074 4366 4404 4444 celamela)

4284 4470 4426 4541 Ge·e

4245 4581 4294 4629 ’Φ
