5242 6192
2696 832 2752 935 <
2847 830 2998 913 1⁵6
3089 828 3142 933 )

1512 1034 1765 1093 omnino
1836 1026 2393 1091 communicandum
2447 1046 2579 1093 esse
2644 1028 2938 1105 judicem.
3056 1030 3273 1091 Oritur
3328 1046 3523 1094 autem
3590 1032 3690 1093 illa
3743 1033 4047 1110 opinionis
4106 1048 4348 1097 nostrae

1514 1136 1887 1196 confirmatio
1932 1151 2011 1196 ex
2062 1138 2501 1211 comparatione
2543 1137 2672 1194 loci
2713 1136 2829 1193 Bar
2871 1132 3132 1194 Hebraei
3170 1133 3244 1195 de
3295 1137 3535 1211 origine
3585 1135 3904 1211 Thograe‚
3949 1138 4079 1197 sive
4123 1139 4352 1202 emble-

1511 1240 1678 1299 matis
1722 1239 1947 1299 Sultani
1992 1240 2051 1299 in
2099 1240 2299 1299 fronte
2339 1241 2748 1315 Diplomatum
2793 1252 2854 1297 et
2900 1238 3210 1297 literarum
3263 1241 3688 1315 publicarum,
3733 1255 3872 1300 cum
3931 1239 4350 1303 traditionibus

1511 1342 1861 1403 Tatarorum
1900 1340 1977 1402 de
2007 1344 2464 1419 Ougozkhano,
2494 1345 2565 1402 ab
2603 1344 2807 1405 Aboul
2844 1344 3039 1402 Gazio
3073 1342 3392 1405 Behadour
3427 1342 3637 1402 Khano
3677 1343 3955 1408 servatis.
4031 1342 4152 1403 Hic
4181 1346 4353 1406 enim

1500 1451 1569 1506 in
1608 1464 1711 1507 sua
1744 1446 1903 1509 Hist.
1938 1448 2175 1510 Geneal.
2200 1450 2404 1513 Tatar.
2442 1468 2507 1527 p.
2534 1450 2794 1525 59—62
2839 1448 3131 1523 exponit,
3175 1464 3286 1523 qua
3317 1449 3547 1510 ratione
3569 1444 4011 1521 Ougozkhanus
4047 1444 4185 1507 filiis
4224 1450 4352 1509 suis

1502 1555 1701 1613 tribus
1756 1552 2081 1627 majoribus
2140 1568 2340 1613 arcum
2394 1570 2640 1613 aureum
2685 1548 3046 1623 tradiderit,
3088 1555 3205 1612 tria
3257 1554 3376 1611 tela
3439 1568 3609 1612 aurea
3664 1550 3918 1613 totidem
3971 1550 4352 1625 minoribus,

1508 1654 1713 1716 addito
1764 1670 1971 1717 arcum
2014 1656 2250 1729 imperii
2290 1658 2524 1731 signum
2582 1670 2760 1729 esse,
2811 1653 2929 1714 illis
2980 1657 3040 1715 in
3087 1669 3445 1733 perpetuum
3489 1653 3917 1732 relinquendi,
3966 1656 4203 1729 sagittas
4246 1656 4352 1715 mi·

1496 1760 1830 1819 nistrorum
1874 1762 2329 1837 legatorumque
2367 1760 2706 1837 symbolum
2745 1759 2998 1833 haberi,
3037 1776 3178 1820 eum
3223 1762 3286 1820 hi
3319 1760 3613 1837 Principis
3653 1760 3925 1834 iussum,
3955 1772 4032 1819 .ut
4063 1761 4206 1820 illae
4253 1774 4355 1818 ar.

1506 1880 1614 1923 cus
1657 1864 2016 1939 impulsum,
2062 1880 2409 1939 sequantur.
2485 1866 2603 1927 Has
2639 1866 2819 1941 igitur
2847 1864 3114 1937 fabulas,
3148 1868 3308 1943 quae
3342 1870 3526 1941 vulgo
3557 1864 3633 1924 de
3668 1864 3878 1940 stirpIs
3915 1880 4057 1925 suae
4099 1878 4354 1925 auctore

1508 1964 1906 2037 ferebantur,
1964 1972 2186 2045 procul
2224 1970 2412 2059 dubio
2472 1972 2747 2046 respexit
2787 1968 3020 2043 Togrul
3071 1972 3306 2046 Begus‚
3350 1973 3515 2046 regia
3541 1970 3912 2031 ·Tatarorum
3965 1967 4230 2040 famina,
4269 1982 4356 2029 eut

1506 2072 1639 2142 ipse
1676 2070 1997 2132 affirmabat
2034 2070 2193 2150 (Bar
2233 2072 2424 2155 Hebr.
2456 2074 2666 2135 Chron.
2689 2074 2819 2149 syr.
2857 2092 2920 2149 p.
2953 2073 3108 2151 ³237)
3135 2116 3154 2146 ,
3197 2075 3526 2145 oriundus,
3569 2076 3714 2149 qui,
3755 2090 3882 2148 quo
3909 2076 4169 2149 primum
4203 2088 4354 2134 tem·

1508 2186 1664 2245 pore
1698 2186 1729 2229 a
1784 2172 2022 2235 Khalifa
2059 2176 2335 2237 Sultanus
2390 2158 2630 2237 oreatus
2681 2192 2744 2237 et
2791 2178 3140 2240 solennibus
3185 2180 3376 2240 titulis
3420 2192 3660 2239 ornatus
3705 2188 3837 2248 est,
3887 2190 4053 2237 arens
4103 2176 4352 2251 figuram

1506 2274 1932 2352 diplomatibus
1980 2281 2106 2341 suis
2161 2284 2507 2357 impressit,
2550 2295 2614 2339 et
2653 2281 2762 2341 hac
2813 2285 3045 2341 ratione
3094 2282 3396 2359 Thogram
3441 2284 3669 2359 primus
3719 2280 3993 2343 instituit.
4071 2278 4195 2343 ef.
4231 2280 4356 2339 Bar

1422 2364 1433 2373 ⁰
1510 2380 1700 2442 Hebr.
1734 2382 1951 2446 Chr-on.
1990 2385 2120 2463 Syr.
2174 2404 2244 2461 p.
2274 2400 2410 2461 244„
2504 2384 2788 2461 Ejusdem
2827 2388 3270 2449 vetustissimae
3325 2388 3664 2451 traditionis
3713 2402 3832 2464 ope
3877 2386 3990 2445 alia
4037 2387 4216 2445 etiam
4263 2386 4357 2444 hl·

1510 2485 1735 2543 storiae
1774 2484 2255 2559 seldjultidarum
2282 2491 2431 2547 ‘loca
2472 2491 2690 2549 melius
2731 2492 3171 2567 intelliguntur.
3241 2494 3404 2569 Quis
3447 2468 3604 2553 enini
3638 2492 3911 2564 dubitet,
3965 2490 4110 2565 quin
4143 2488 4354 2547 eodem

1509 2582 1897 2645 referendum
1945 2588 2024 2644 sit
2062 2584 2286 2645 factum
2329 2590 2616 2651 ibrahimi
2661 2592 2911 2651 Yousefi
2945 2594 3095 2665 filii,
3151 2596 3388 2667 Togrul
3428 2596 3584 2670 Begi
3633 2610 3712 2652 ex
3755 2608 3944 2651 matre
3991 2594 4239 2659 fratris,
4283 2599 4350 2647 et

1510 2690 1675 2749 illius
1710 2687 1868 2765 apud
1906 2688 2385 2752 Khorasanenses
2413 2694 2763 2769 praefecti,
2803 2696 2865 2755 in
2905 2694 3112 2758 fronte
3147 2698 3459 2757 literarum
3503 2698 3738 2771 signum
3771 2706 3950 2752 arcus
3987 2706 4049 2751 et
4087 2692 4197 2752 teli
4235 2706 4358 2764 po-

1500 2798 1695 2855 nentis
1737 2790 1909 2870 (Bar
1948 2792 2139 2857 Hebr.
2175 2794 2323 2857 ibid.
2360 2814 2425 2871 p.
2461 2794 2626 2876 236)
2648 2842 2668 2873 ,
2708 2813 2808 2859 aut
2854 2802 3046 2876 ipsius
3083 2802 3318 2875 Togrul
3356 2802 3513 2877 Begi
3549 2795 3932 2861 consuetudo
3977 2794 4040 2853 in
4081 2793 4350 2869 publicis

1486 2900 1885 2959 ,consessibus
1924 2896 2050 2958 duo
2090 2902 2205 2961 tela
2237 2916 2407 2961 manu
2445 2902 2697 2963 ferentis
2721 2940 2742 2973 ‚
2785 2920 2930 2965 arcu
2968 2919 3142 2966 tenso
3175 2902 3222 2981 1(
3237 2907 3406 2983 quasi
3429 2906 3504 2964 in
3536 2904 3770 2980 signum
3813 2898 4058 2975 imperii
4090 2897 4352 2959 firmiter

1498 3002 1870 3078 fortiterque
1901 3000 2098 3081 gesti)
2128 3046 2145 3077 ,
2185 3020 2320 3065 ante
2358 3020 2491 3067 eum
2530 3010 2839 3067 collocato
2875 3006 3067 3085 (ibid.
3106 3006 3375 3087 p.237).
3451 3009 3548 3069 De
3588 2985 3763 3084 cujus
3793 3006 3980 3067 moris
4014 3001 4349 3079 symbolica

1502 3106 1936 3176 significatione
1958 3125 2071 3168 nos
2106 3109 2385 3169 dubitare
2408 3114 2537 3171 non'
2563 3112 2711 3172 sinit
2741 3115 2916 3172 locus
2953 3115 3225 3189 egregius
3258 3112 3605 3173 Herbelotii
3627 3130 3688 3174 v.
3711 3110 3970 3187 Selgduks‘
3985 3126 4052 3183 p.
4069 3107 4173 3167 θοι
4199 3104 4352 3176 ‚ubi

1500 3206 1696 3265 ‘101⁵‘
1732 3212 1744 3225 “
1866 3210 2094 3289 Togrul
2115 3216 2266 3289 Begi
2304 3232 2557 3291 patruo,
2594 3230 2872 3279 narratur
2902 3233 3036 3279 eum
3068 3214 3392 3295 aliquando
3427 3218 3748 3294 legationis
3781 3227 3985 3275 caussa
4005 3209 4354 3288 prosectum

1498 3322 1633 3371 esse
1653 3212 2945 3507 ιἫο
2978 3324 3414 3396 interrogatum
3439 3364 3461 3395 ,
3485 3336 3728 3398 quantas
3749 3320 3953 3395 copias
3977 3314 4354 3392 ipsiauxilio

1498 3414 1737 3473 mittere
1770 3418 2018 3483 9⁰⁵⁵et’
2059 3418 2279 3479 ¹²⁵9OE
2326 3420 2343 3460 ¹
2572 3427 2587 3441 ⁰
2855 3430 3109 3486 telorum
3136 3425 3336 3501 (duas
3371 3428 3528 3487 enim
3571 3426 3812 3499 sagittas
3847 3420 4142 3481 ‹st-neum
4177 3426 4354 3472 manu

1490 3511 1799 3588 tenebat)
1863 3510 1913 3570 si
1962 3509 2182 3567 horum
2256 3508 2443 3583 igitur
2502 3522 2690 3567 unum
2747 3505 2818 3565 ad
2877 3506 3871 3594 meum?
3925 3515 4353 3586 quinquagina

1494 3620 1681 3679 millia
1725 3616 1996 3689 equitum
2030 3626 2275 3687 praesto
2320 3627 2454 3672 esse
2505 3611 2748 3684 futurag
2787 3612 2838 3671 si
2881 3613 3171 3685 alterum,
3207 3614 3318 3671 alia
3349 3593 3602 3671 totidem
3647 3624 3784 3670 esse
3817 3624 4076 3673 ventura
4101 3656 4121 3689 ,
4165 3618 4214 3674 si
4255 3632 4349 3675 ar.

1485 3736 1638 3785 ‚cum
1666 3762 1686 3792 ,
1726 3732 1850 3777 tum
1900 3730 2050 3775 vero
2103 3714 2504 3775 ducentorum
2550 3718 2804 3777 millium
2862 3720 3134 3791 equitum
3192 3716 3835 3793 exercitum‘paratum
3877 3714 4052 3780 'fot-e.
4129 3720 4345 3795 Ergo,

1496 3826 1650 3885 licet
1682 3834 1952 3881 caussam
1990 3834 2109 3877 non
2142 3820 2610 3895 perspiciamus,
2645 3838 2752 3881 eur
2785 3822 3016 3897 Togrul
3051 3820 3254 3896 Begus
3293 3819 3546 3895 ejusque
3577 3824 3828 3896 patruus
3864 3836 3986 3881 non
4027 3824 4142 3885 tria
4183 3826 4343 3896 tela,

1488 3944 1571 3990 aut
1612 3940 1705 3989 est
1734 3928 1809 3989 ,In
1847 3924 2050 3985 Aboul
2116 3922 2290 3983 Gazii
2354 3920 2588 4000 fabula,
2630 3912 2735 3985 sed
2787 3924 2908 3987 duo
2955 3940 3177 3987 tantum
3223 3927 3555 3998 gesserint,
3609 3924 3730 3985 hoc
3787 3940 3979 3986 tamen
4021 3928 4346 3987 manifesto

1502 4033 1935 4109 intelligimus,
1987 4040 2046 4089 et
2090 4042 2293 4088 areum
2340 4027 2579 4098 solum,
2625 4040 2684 4087 et
2734 4044 2872 4088 cum
2923 4031 3060 4090 telis
3107 4028 3535 4104 coniunctum,
3571 4026 3878 4103 dignitatis
3915 4032 4344 4107 imperatoriae

1486 4136 1829 4209 symbolum
1869 4148 1929 4195 et
1966 4134 2197 4207 insigne
2241 4132 2467 4204 fuisse,
2500 4146 2589 4191 -ex
2625 4132 2934 4193 veteribus
2972 4130 3048 4193 de
3087 4132 3507 4209 Ougozkhano
3535 4130 3958 4193 traditionibus
3991 4136 4344 4211 repetitum.

1484 4236 1884 4312 Quapropter
1942 4238 2051 4296 vix
2105 4235 2481 4309 dubitamus,
2534 4238 2680 4312 quin
2737 4252 2815 4297 ex
2873 4236 3086 4297 eodem
3126 4240 3258 4298 ritu
3315 4234 3705 4313 explicandus
3762 4238 3840 4299 sit
3909 4239 4084 4299 locus
4138 4238 4336 4299 Aboul

1484 4337 1713 4415 sfaradji
1755 4339 1813 4402 in
1849 4340 1930 4401 H.
1962 4342 2039 4402 D.
2080 4358 2157 4418 p.
2182 4341 2332 4418 346,
2372 4341 2479 4403 ubi
2524 4338 3179 4421 sultanus'seidiukida
3216 4343 3334 4419 Alp
3368 4342 3656 4405 Arslanus
3693 4355 3906 4401 eontra
3942 4342 4095 4418 Imp.
4145 4342 4336 4399 Grae·

4185 4450 4336 4499 cum
