5242 6192
2114 798 2508 903 (89)

880 1002 1065 1066 ‘suam
1093 1002 1349 1085 Joaunes
1382 999 1621 1072 tribuit,
1652 994 1723 1059 ad
1755 994 2530 1061 wedericum-secuudum
2560 999 2984 1075 transferatur,
3024 1002 3169 1077 qui,
3209 1004 3354 1065 licet
3393 1006 3524 1081 ipse
3562 1024 3748 1085 expa-

910 1108 1123 1173 ditioni
1164 1124 1283 1167 non
1328 1106 1721 1177 interfuerit,
1758 1106 1975 1167 auxilia
2018 1119 2208 1164 tamen
2243 1118 2432 1165 cruce
2480 1108 2728 1179 signatis
2779 1106 3094 1181 submisit,
3133 1125 3246 1167 nec
3283 1109 3606 1188 quidquam
3641 1130 3742 1172 an-

906 1214 1141 1289 tiquius
1181 1212 1425 1282 habuit,
1476 1228 1651 1288 quam
1690 1224 1757 1271 ut
1799 1208 2060 1269 feudales
2096 1208 2297 1282 Regni
2329 1211 2673 1273 Germanici
2712 1212 3028 1286 Principes
3069 1227 3138 1269 ea
3182 1228 3536 1289 tempestate
3579 1216 3749 1279 dese.

900 1304 1175 1379 ctionem
1216 1320 1507 1379 minantes
1546 1334 1769 1377 summa
1806 1316 2053 1373 honoris
2094 1328 2155 1375 et
2184 1314 2621 1375 benivolentiae
2653 1315 3081 1391 significatione
3115 1316 3172 1374 in
3200 1318 3404 1378 officio
3425 1318 3752 1385 'retineret-

914 1420 1097 1499 Quod
1147 1437 1282 1481 cum
1330 1437 1574 1495 ageret,
1632 1422 1889 1497 primum
1946 1422 2141 1495 ipsum
2198 1420 2503 1479 Comitem
2557 1422 2834 1493 ornavit,
2872 1420 3013 1481 dein
3062 1437 3198 1481 cum
3249 1439 3362 1481 nec
3405 1442 3646 1497 omnes,
3689 1440 3754 1483 et

912 1529 1179 1601 singulos
1228 1524 1451 1585 debitis
1498 1526 1830 1585 honoribus
1882 1523 2175 1600 prosequi
2212 1537 2462 1597 posset,
2504 1540 2617 1583 nec
2657 1526 2716 1583 in
2765 1527 3109 1601 promiscua
3161 1526 3590 1587 Hollandorum
3624 1528 3757 1589 Fri-

804 1626 815 1649 *
896 1632 1254 1707 eiorumque
1298 1632 1473 1690 turba
1518 1632 1657 1691 satis
1698 1642 2097 1703 agnosceret,
2136 1626 2313 1701 cnjus
2340 1627 2597 1688 standena
2637 1628 2861 1706 ,oppidi
2909 1632 3077 1689 cives
3131 1646 3276 1705 prae
3331 1635 3587 1692 caeteris
3635 1636 3759 1693 lau·

908 1738 1043 1797 dem
1077 1736 1471 1807 meruissent,
1515 1750 1640 1795 eam
1682 1735 1969 1811 imprimis
2010 1734 2219 1791 urbem
2263 1732 2784 1794 condecorandam
2823 1750 2955 1795 esse
3001 1737 3280 1807 censuit,
3318 1752 3488 1810 quam
3528 1738 3748 1798 Comes

912 1844 1049 1918 ipse
1097 1841 1398 1915 regnisui
1442 1838 1645 1899 sedem
1686 1852 1822 1898 esse
1858 1838 2173 1899 voluisset.

984 1947 1017 2019 (
1036 1944 1165 2023 40)
1202 1944 1485 2019 Magnum
1519 1948 1755 2015 naviam
1788 1956 2013 2019 pontem
2044 1972 2123 1987 —
2156 1940 2499 2021 collocavit]
2555 1944 2678 2003 Ubi
2715 1944 2834 2003 isto
2866 1958 3050 2019 ponte
3087 1944 3296 2003 Nilum
3333 1944 3614 2005 claudere
3651 1945 3756 2005 co-'

902 2066 1075 2109 natus
1112 2052 1189 2109 sit
1221 2053 1271 2107 al
1300 2046 1580 2105 Malekns
1614 2049 1667 2105 al
1686 2048 1999 2115 camelus,
2028 2066 2146 2106 non
2185 2047 2361 2107 tradit
2384 2048 2746 2109 Makrizius.
2824 2049 3120 2123 Quantum
3147 2065 3298 2108 vero
3331 2065 3408 2108 ex
3445 2047 3757 2111 admodum

901 2154 1283 2230 imperfectis
1350 2152 1835 2211 Christianorum
1884 2152 2315 2213 narrationibus
2374 2150 2650 2225 judicare
2709 2168 3061 2227 possumus,
3122 2153 3232 2212 ista
3295 2155 3542 2215 munitio
3603 2156 3758 2215 inter

912 2259 1126 2317 urbem
1164 2270 1227 2313 et
1256 2255 1479 2325 casale,
1522 2256 1564 2316 i.
1599 2272 1655 2318 e.
1692 2257 1744 2314 al
1787 2256 2133 2331 Adeliyyeh
2172 2260 2463 2317 collocata
2500 2256 2619 2315 fuit
2641 2296 2664 2328 ,
2703 2269 2766 2313 et
2806 2272 2928 2313 non
2963 2258 3154 2317 minus
3195 2257 3540 2318 invadendis
3572 2259 3616 2317 F
3623 2274 3755 2317 ran-

906 2376 1125 2421 corum
1180 2363 1388 2419 castris
1433 2376 1609 2434 quam
1651 2360 2004 2439 ,claudendo
2060 2362 2290 2421 flumini
2344 2359 2642 2419 inserviit.
2735 2356 3056 2419 Audiamus
3097 2361 3388 2439 Jacobum
3423 2362 3763 2423 vitriacen.

908 2480 1033 2525 sem
1068 2468 1135 2525 -in
1174 2464 1361 2541 Epist.
1394 2466 1507 2526 111.
1548 2484 1612 2541 p.
1640 2467 1779 2540 296·
1812 2468 1890 2526 C.
1939 2465 2071 2525 Non
2109 2465 2269 2539 longe
2297 2474 2424 2539 post
2454 2473 2674 2541 tompus
2709 2479 2836 2521 cum
2877 2464 3125 2539 quadam
3157 2466 3250 2526 dte
3272 2467 3543 2543 ficissent
3575 2484 3764 2541 quem·

903 2571 1036 2634 dam
1070 2583 1297 2647 pontem
1326 2574 1389 2627 t‘n
1419 2572 1705 2643 superiore
1740 2581 1916 2644 parte
1948 2570 2247 2645 fluminis,
2286 2579 2355 2625 ut
2400 2566 2484 2625 ad
2517 2584 2615 2624 vnos·
2652 2570 2979 2624 transirent
3011 2568 3294 2628 Saraceni
3308 2610 3330 2641 ‚
3368 2586 3443 2628 ex
3477 2571 3759 2630 militibus

908 2681 1122 2737 nostris
1164 2682 1514 2735 occurrentes
1545 2675 1681 2750 plus
1706 2690 1881 2745 quam
1906 2671 2014 2733 duo
2044 2674 2234 2732 millia
2270 2669 2709 2745 interfecerant.
2789 2669 2922 2746 Qua
2953 2668 3030 2729 de
3064 2687 3131 2731 re
3175 2674 3349 2733 etiam
3391 2674 3558 2749 ioqui
3597 2669 3762 2733 vide·

886 2796 1004 2841 rur
1043 2784 1103 2839 in
1135 2780 1295 2839 Hist.
1326 2780 1556 2839 Orsene.
1602 2776 1829 2839 1..111.
1869 2793 1935 2852 p.
1966 2790 2152 2850 1135,
2190 2774 2299 2835 nbi
2335 2792 2447 2851 per
2479 2773 2768 2847 biduum,
2815 2772 3032 2834 diebus
3081 2776 3252 2837 festis
3291 2780 3354 2838 S.
3377 2778 3668 2837 Demetrii
3701 2791 3764 2837 et

910 2883 1241 2961 Dionysii,
1313 2882 1353 2941 i.
1394 2897 1453 2941 e.
1488 2879 1590 2939 die
1634 2882 1667 2941 8
1704 2892 1767 2939 et
1802 2896 1844 2955 9
1881 2880 2215 2965 Octobris,
2274 2892 2467 2937 castra
2504 2878 2984 2939 Christianorum
3027 2896 3058 2939 a
3096 2880 3390 2941 Saracenis
3428 2896 3762 2958 oppugnata

918 2990 1109 3051 fuisse
1146 2986 1339 3060 dicit,
1376 2987 1585 3062 priore
1639 2966 1932 3043 conflictu
1973 2984 2208 3058 fugatos
2244 2982 2431 3043 fuisse
2464 2981 2674 3042 hostes
2706 2983 2794 3041 ad
2809 2994 3074 3059 pontem,
3109 3002 3320 3061 quen,
3352 2988 3588 3062 inquit,
3615 2998 3760 3063 pro-

898 3098 1013 3155 cul
1054 3114 1097 3155 a
1132 3094 1287 3153 nobis
1328 3096 1389 3149 m
1421 3094 1709 3168 superiore
1728 3100 1907 3165 parte
1926 3086 2185 3163 fluminis
2228 3098 2712 3157 construxerant,
2749 3086 3049 3165 postridie
3097 3106 3230 3149 cnm
3273 3092 3460 3167 galeis
3506 3093 3758 3165 impres·

912 3202 1141 3259 sionem
1184 3198 1449 3268 fecisse,
1484 3208 1541 3254 et
1582 3196 1640 3252 in
1680 3192 1924 3253 flumine
1963 3186 2188 3253 mersos
2226 3208 2359 3253 esse
2406 3193 2656 3253 circiter
2702 3194 2866 3253 mille
2906 3196 3292 3269 quingentos.
3368 3194 3496 3274 Jam
3533 3195 3586 3253 si
3625 3194 3755 3253 istis

906 3305 1119 3385 Jacobi
1160 3301 1317 3360 locis
1370 3300 1403 3373 (
1435 3314 1513 3359 ex
1550 3298 2181 3375 quorumposteriore
2212 3292 2615 3373 corrigendus
2655 3309 2750 3355 est
2791 3313 2968 3357 error
3012 3298 3314 3371 oliverii,
3359 3298 3578 3355 festum
3614 3294 3762 3354 Dio·

908 3411 1065 3486 nysii
1120 3408 1284 3467 festo
1336 3403 1638 3464 Demetrii
1698 3392 2165 3480 praeponentis,
2224 3418 2403 3477 atque
2466 3400 2617 3459 adeo
2675 3417 2874 3462 rerum
2927 3401 3198 3460 ordinem
3256 3398 3606 3481 turbantis)
3657 3398 3750 3459 his

914 3519 1139 3592 igitur,
1194 3516 1471 3585 inquam,
1524 3509 1677 3567 locis
1738 3509 1787 3567 si
1842 3508 2112 3569 addamus
2170 3508 2451 3577 tertium,
2492 3510 2633 3563 sive
2681 3504 2933 3583 Jacobi,
2975 3506 3112 3563 sive
3169 3502 3467 3577 oliverii,
3517 3502 3622 3563 ubi
3675 3498 3752 3561 de

890 3634 1103 3699 ,rupto
1140 3635 1171 3675 a
1212 3611 1571 3703 Christianis
1614 3626 1797 3687 ponte
1842 3613 2083 3704 agit-ur,
2124 3611 2289 3669 illum
2342 3624 2462 3667 non
2501 3621 2724 3667 tantum
2772 3622 2950 3683 supra
2988 3608 3405 3685 Dimyatham,
3456 3608 3565 3668 sed
3601 3610 3758 3671 inter

910 3722 1121 3783 urbem
1170 3734 1231 3777 et
1267 3718 1319 3775 al
1358 3710 1709 3789 Adeiiyyeh·
1740 3712 1934 3771 fuisse
1976 3714 2310 3789 apparebit.
2396 3712 2633 3787 Nempe
2682 3710 2885 3787 eadem
2939 3728 3004 3786 p.
3039 3726 3182 3787 1135
3219 3726 3383 3775 extr.
3408 3754 3429 3785 ,
3461 3728 3522 3773 et
3564 3713 3754 3787 1136,

902 3828 1059 3887 coll.
1098 3824 1263 3885 Oliv.
1303 3821 1381 3879 C.
1405 3816 1542 3877 ΧΠ.
1581 3834 1644 3891 p.
1677 3816 1859 3893 1408,
1898 3829 2096 3873 narrat
2134 3816 2459 3885 Saracenos
2496 3830 2782 3893 pontem,
2824 3816 2930 3889 qui
2971 3817 3227 3879 fortasse
3270 3820 3332 3877 in
3375 3820 3486 3876 ista
3513 3832 3753 3893 pugna,

904 3930 1091 4004 cujus
1141 3926 1337 4002 paullo
1373 3934 1530 3998 ‚ante
1569 3921 1925 3980 mentionem
1972 3918 2267 3989 fecimus,
2308 3920 2581 3978 nonnihil
2633 3920 2974 3993 detrimenti
3017 3936 3380 3999 acceperat,
3421 3938 3752 3996 reparasse,

890 4032 1154 4095 modica
1198 4038 1476 4103 apertura
1514 4024 1731 4085 relicta
1758 4062 1779 4090 ,
1826 4040 1895 4084 ut
1934 4038 2116 4082 naves
2166 4024 2293 4083 sine
2338 4025 2624 4101 periculo
2666 4024 3028 4085 adscendere
3071 4041 3190 4085 non
3231 4039 3505 4100 possent.
3584 4026 3756 4100 Ergo

909 4137 1199 4200 Frisones
1242 4145 1303 4193 et
1355 4129 1686 4193 Teutonici
1736 4127 1854 4187 una
1910 4143 2047 4187 cum
2091 4130 2272 4201 navi,
2310 4144 2531 4189 summa
2566 4129 2972 4195 fortitudine,
3015 4130 3406 4189 munitionem
3446 4132 3755 4205 aggressi,

918 4253 1171 4317 pontem
1212 4236 1565 4307 fregerunt,
1604 4234 1981 4305 navibusque
2020 4246 2309 4307 quatuor,
2360 4249 2535 4308 snpra
2574 4250 2719 4307 quas
2766 4233 3042 4293 fundatus
3096 4246 3257 4307 erat,
3297 4233 3605 4306 abductis,
3645 4236 3762 4295 Ni-

914 4348 1045 4407 lum
1086 4340 1671 4404 classi-Francorum
1710 4335 2153 4411 patefecerunt.
2223 4335 2465 4411 Quibus
2505 4339 2818 4413 expositis·
2841 4337 3077 4413 reliqua
3116 4337 3208 4397 his
3239 4338 3448 4399 verbis
3483 4340 3763 4429 exsequi·

1478 4440 1485 4445 ’
2432 4440 2507 4500 Μ
3024 4456 3048 4463 ··
3639 4456 3755 4505 tur.
