5242 6192
2249 811 2586 911 (s)

1013 1026 1182 1099 s’nna
1235 998 1812 1111 contemplatione
1865 1033 2075 1087 neme
2124 1011 2437 1100 fruetur,
2488 1011 2618 1083 nisi
2666 1012 2787 1107 qui
2824 1032 2867 1083 a
2920 1010 3333 1108 singularum
3377 1019 3670 1109 partium
3708 1042 3825 1096 ac⁴

1015 1148 1433 1219 curatis-sima
1479 1141 1875 1214 tractatione
1924 1142 2010 1213 ad
2052 1143 2400 1213 universae
2449 1138 2635 1211 illius
2674 1140 2993 1209 historiae
3037 1142 3501 1233 cognitionem
3526 1147 3826 1218 adscen-
3862 1212 3867 1219 .

1013 1271 1208 1342 derit.
1309 1268 1530 1365 Quae·
1567 1271 1793 1339 omnia
1843 1288 1928 1338 ne
1985 1287 2244 1339 temere
2287 1266 2535 1337 dixisse
2585 1264 3009 1351 videremur,
3060 1265 3187 1337 hac
3246 1270 3351 1335 usi
3410 1278 3866 1363 opportuni«.

1013 1416 1145 1467 tate
1203 1394 1652 1489 fragmentum
1722 1392 2076 1464 Makrizii-
2115 1415 2202 1464 ex
2266 1394 2570 1487 Aegypti
2636 1392 3091 1481 descriptione
3156 1390 3318 1463 MS.
3380 1380 3763 1470 desumtum
3792 1447 3819 1485 ,

1010 1520 1200 1614 quod
1247 1542 1403 1591 cum
1450 1500 1613 1591 alias
1654 1518 2068 1608 Dimyathae
2121 1518 2515 1591 obsidiones
2564 1519 3081 1611 invasionesque
3134 1540 3172 1590 a
3216 1518 3623 1591 Christianis
3672 1542 3821 1593 ten·-

1005 1666 1217 1737 tatas·,-
1284 1664 1430 1717 tum
1499 1641 1610 1716 vel
1693 1648 1980 1717 maxime
2051 1652 2304 1716 sextam
2377 1643 2883 1737 expeditionem
2950 1662 3207 1715 sacram
3272 1644 3840 1737 complectitur,-

996 1770 1404 1867 selegimus3
1479 1790 1554 1841 ut
1608 1769 1782 1841 illud
1856 1772 2388 1863 comparationis
2450 1772 2626 1839 inter
2690 1768 3071 1839 Orientales
3128 1788 3199 1839 et
3256 1768 3541 1841 Latinos
3592 1770 3813 1844 Grae-

998 1918 1208 1968 cosve
1268 1896 1638 1986 scriptores
1699 1894 2143 1966 instituendae
2196 1896 2641 1987 exemplum,
2707 1912 2778 1963 et
2834 1891 3277 1965 emolumenti
3328 1914 3415 1965 ex
3466 1916 3555 1965 eo
3612 1895 3841 1968 fonte=

993 2024 1064 2090 in
1132 2020 1360 2091 Medii
1427 2019 1600 2090 Aevi
1681 2017 2058 2093 Historiam
2121 2019 2551 2089 redundaturi
2613 2018 3100 2089 documentum
3188 2018 3809 2095 luculentissimum

992 2144 1196 2217 foret.
1319 2142 1650 2217 Continet
1713 2142 1892 2214 idem
1943 2146 2070 2215 iste
2124 2144 2325 2222 locus
2377 2144 2704 2219 Makrizii
2746 2144 3199 2238 expeditionis
3252 2148 3456 2219 etiam
3514 2148 3803 2244 Aegyp-

995 2272 1208 2343 tiacae
1250 2270 1409 2343 Ta‘S.
1465 2270 1832 2343 Ludoirico
1893 2274 2247 2367 susceptae
2306 2274 2798 2346 enarrationem
2845 2270 3377 2364 amplissimam,
3446 2294 3648 2367 quam
3698 2294 3803 2345 ta·-

991 2418 1144 2467 men
1201 2375 1521 2469 consulto
1577 2400 1972 2485 omisimus,
2039 2420 2197 2471 cum
2259 2403 2327 2471 in
2396 2399 2713 2471 omnibus
2773 2416 2985 2489 paene
3045 2396 3130 2466 ad
3196 2398 3501 2469 verbum·
3540 2420 3793 2469 conve-

989 2527 1163 2595 niret
1233 2544 1391 2594 cum
1461 2520 1986 2615 Djemaleddino
2055 2544 2125 2595 et
2199 2523 2327 2596 Ibn
2411 2522 2661 2594 Ferato
2699 2566 2725 2607 ‚
2796 2540 3089 2614 quorum
3152 2530 3473 2614 excerpta
3522 2522 3609 2593 T.
3657 2522 3837 2595 VII.-

987 2635 1335 2721 Historiae
1409 2648 1589 2719 Belli
1669 2630 1860 2720 Sacri
1934 2648 2144 2720 edidit
2229 2648 2715 2733 Michaudius‚
2784 2667 2910 2717 nec
2994 2646 3167 2717 adeo
3232 2648 3473 2718 multis
3536 2648 3795 2744 magni-

991 2797 1125 2867 que
1198 2752 1534 2847 momenti‘
1603 2772 2200 2847 observationibus
2251 2794 2476 2847 ansam
2544 2772 2923 2866 praeberet.
3036 2769 3283 2866 Longe
3356 2794 3520 2843 vero
3592 2775 3819 2846 aliter·

985 2915 1551 2994 comparata-‘erat
1599 2922 1758 2994 pars
1799 2904 1928 2971 ista
1968 2902 2364 2971 narrationis
2402 2900 2905 2983 Makrizianae‚
2956 2918 3159 2990 quam
3198 2918 3379 2968 nunc
3422 2900 3505 2968 ad
3554 2899 3795 2991 publi-v

977 3046 1131 3095 cam
1183 3028 1492 3095 notitiam
1555 3024 2055 3117 produximuS,
2130 3028 2226 3097 in.
2265 3048 2401 3119 qua
2458 3022 2672 3095 multa
2723 3025 3151 3115 reperiuntur
3208 3025 3276 3092 in
3345 3028 3687 3117 excerptis
3739 3048 3778 3095 a
3820 3070 3829 3077 ·

972 3149 1388 3221 Michaudio
1453 3150 1656 3221 editis
1725 3171 1840 3221 aut
1897 3154 2189 3237 omissa,
2255 3168 2371 3222 aut
2447 3153 2667 3222 minus
2734 3168 2918 3219 recte
2982 3148 3256 3231 tradita,
3325 3150 3537 3222 multa
3606 3172 3791 3245 quae·

893 3256 920 3315 ς
975 3274 1402 3346 Christianos
1443 3276 1628 3346 illius
1664 3260 1832 3346 belli
1868 3279 2234 3369 scriptores
2281 3276 2567 3346 mirifice
2607 3272 2951 3366 explicant
2984 3294 3053 3343 et
3090 3272 3447 3347 illustrant.
3552 3276 3787 3373 Quam·

873 3424 884 3437 ·
974 3396 1266 3471 obscura
1310 3404 1537 3487 enim,
1590 3424 1792 3494 quam
1845 3400 2297 3493 imperfecta,
2348 3403 2754 3494 quantisque
2798 3400 3087 3493 obsepta
3140 3400 3645 3471 difficultatibus
3695 3403 3825 3471 sit‘-

966 3522 1645 3645 istorupfb'omimrm
1699 3530 1959 3607 oratio,
2013 3548 2218 3597 nemo
2271 3522 2482 3600 facile⁴
2524 3526 2790 3606 credat,
2842 3527 2981 3593 nisi·
3026 3528 3145 3615 qui
3185 3545 3313 3595 aut·
3353 3528 3541 3616 ipsos
3589 3525 3785 3621 lege·-

969 3653 1058 3719 rit
1109 3670 1177 3721 et
1236 3645 1696 3742 expenderit?
1743 3672 1858 3722 aut
1900 3671 2164 3723 nostras
2212 3671 2409 3721 notas
2454 3652 2844 3740 inspexerit.
2962 3646 3120 3720 Nec
3172 3652 3371 3721 etiarn
3433 3671 3518 3721 ex
3580 3648 3785 3722 Lati--

967 3796 1210 3853 norum
1280 3776 1466 3845 illius
1531 3777 1680 3845 aevi
1745 3779 2153 3867 scriptorum
2223 3796 2455 3846 mutua
2529 3776 3039 3866 comparatione
3096 3776 3437 3870 ejusmodi
3492 3776 3785 3849 lacunae

965 3896 1268 3993 suppleri
1318 3918 1435 3970 aut
1491 3898 1920 3970 difficultates
1987 3905 2284 3971 amoveri
2341 3917 2668 3993 possunt;
2740 3920 2886 3991 quo
2946 3897 3023 3971 fit
3064 3922 3143 3973 ut
3196 3903 3444 3973 hnc-..in
3505 3924 3575 3972 re
3608 3904 3825 3979 'im-4

965 4028 1203 4117 primis
1289 4045 1596 4117 optatum
1689 4022 1891 4094 nobis
1979 4028 2069 4096 sit
2151 4049 2229 4097 ac
2309 4027 2763 4099 necessarium
2856 4024 3339 4098 historicorum
3423 4025 3767 4097 Arabico«

963 4172 1110 4221 rum
1167 4151 1517 4222 auxilium.
1634 4148 1816 4224 Nam
1877 4149 2266 4243 complures
2323 4150 2598 4242 quidem
2649 4169 2963 4221 auctores
3018 4168 3282 4222 exstant
3333 4150 3765 4241 Christiani,-

962 4278 1086 4371 qui
1145 4272 1322 4347 illud
1369 4272 1627 4345 bellurn
1675 4264 2194 4365 descripserint,
2245 4294 2322 4345 ut
2367 4260 2714 4353 oliverius
2762 4274 3281 4365 Scholasticus,
3316 4274 3619 4361 Jacobus
3664 4280 3765 4350 de·
3802 4324 3813 4333 ·

2400 4398 2471 4469 A
2521 4419 2574 4491 a
3500 4484 3511 4499 ἃ
3628 4404 3767 4475 vt-
