<?xml version="1.0" encoding="UTF-8"?>
<!DOCTYPE html PUBLIC "-//W3C//DTD XHTML 1.0 Transitional//EN"
    "http://www.w3.org/TR/xhtml1/DTD/xhtml1-transitional.dtd">
<html xmlns="http://www.w3.org/1999/xhtml" xml:lang="en" lang="en">
 <head>
  <title>
</title>
<meta http-equiv="Content-Type" content="text/html;charset=utf-8" />
  <meta name='ocr-system' content='tesseract 3.04.00' />
  <meta name='ocr-capabilities' content='ocr_page ocr_carea ocr_par ocr_line ocrx_word'/>
</head>
<body>
  <div class='ocr_page' id='page_1' title='image "./takyoddiniahmed00goog_0094.png"; bbox 0 0 5242 6192; ppageno 0'>
   <div class='ocr_carea' id='block_1_1' title="bbox 2669 678 3066 781">
    <p class='ocr_par' dir='ltr' id='par_1_1' title="bbox 2669 678 3066 781">
     <span class='ocr_line' id='line_1_1' title="bbox 2669 678 3066 781; baseline 0.003 -3"><span class='ocrx_word' id='word_1_1' title='bbox 2669 678 3066 781; x_wconf 78' lang='grc'>(84)</span> 
     </span>
    </p>
   </div>
   <div class='ocr_carea' id='block_1_2' title="bbox 1429 873 4336 4364">
    <p class='ocr_par' dir='ltr' id='par_1_2' title="bbox 1429 873 4336 4364">
     <span class='ocr_line' id='line_1_2' title="bbox 1429 873 4276 959; baseline 0 -16"><span class='ocrx_word' id='word_1_2' title='bbox 1429 884 1777 959; x_wconf 84' lang='lat' dir='ltr'>vespertina</span> <span class='ocrx_word' id='word_1_3' title='bbox 1813 882 2231 949; x_wconf 84' lang='lat' dir='ltr'>tintinnabula,</span> <span class='ocrx_word' id='word_1_4' title='bbox 2276 874 2656 950; x_wconf 85' lang='lat' dir='ltr'>Dimyathina</span> <span class='ocrx_word' id='word_1_5' title='bbox 2693 878 3018 953; x_wconf 84' lang='lat' dir='ltr'>appellata,</span> <span class='ocrx_word' id='word_1_6' title='bbox 3073 892 3185 955; x_wconf 86' lang='lat' dir='ltr'>per</span> <span class='ocrx_word' id='word_1_7' title='bbox 3225 876 3414 937; x_wconf 85' lang='lat' dir='ltr'>horae</span> <span class='ocrx_word' id='word_1_8' title='bbox 3447 873 3756 937; x_wconf 80' lang='lat' dir='ltr'>dimidium</span> <span class='ocrx_word' id='word_1_9' title='bbox 3798 878 4016 939; x_wconf 83' lang='lat' dir='ltr'>urbem</span> <span class='ocrx_word' id='word_1_10' title='bbox 4057 898 4276 957; x_wconf 83' lang='lat' dir='ltr'>perso·</span> 
     </span>
     <span class='ocr_line' id='line_1_3' title="bbox 1438 979 4276 1059; baseline -0.001 -10"><span class='ocrx_word' id='word_1_11' title='bbox 1438 1004 1619 1059; x_wconf 74' lang='lat' dir='ltr'>nant3</span> <span class='ocrx_word' id='word_1_12' title='bbox 1677 988 1819 1047; x_wconf 88' lang='lat' dir='ltr'>licet</span> <span class='ocrx_word' id='word_1_13' title='bbox 1882 998 2054 1045; x_wconf 87' lang='lat' dir='ltr'>recte</span> <span class='ocrx_word' id='word_1_14' title='bbox 2118 979 2541 1043; x_wconf 86' lang='lat' dir='ltr'>animadvertat</span> <span class='ocrx_word' id='word_1_15' title='bbox 2578 982 2688 1041; x_wconf 91' lang='lat' dir='ltr'>Vir</span> <span class='ocrx_word' id='word_1_16' title='bbox 2736 983 2928 1045; x_wconf 88' lang='lat' dir='ltr'>Doct.</span> <span class='ocrx_word' id='word_1_17' title='bbox 2981 998 3094 1041; x_wconf 82' lang='lat' dir='ltr'>van</span> <span class='ocrx_word' id='word_1_18' title='bbox 3145 983 3377 1043; x_wconf 89' lang='lat' dir='ltr'>Oosten</span> <span class='ocrx_word' id='word_1_19' title='bbox 3435 982 3510 1043; x_wconf 91' lang='lat' dir='ltr'>de</span> <span class='ocrx_word' id='word_1_20' title='bbox 3554 985 3806 1057; x_wconf 86' lang='lat' dir='ltr'>Bruyn,</span> <span class='ocrx_word' id='word_1_21' title='bbox 3861 996 3926 1045; x_wconf 87' lang='lat' dir='ltr'>et</span> <span class='ocrx_word' id='word_1_22' title='bbox 3981 1001 4158 1045; x_wconf 87' lang='lat' dir='ltr'>naves</span> <span class='ocrx_word' id='word_1_23' title='bbox 4209 990 4276 1047; x_wconf 76' lang='lat' dir='ltr'>in</span> 
     </span>
     <span class='ocr_line' id='line_1_4' title="bbox 1447 1085 4284 1169; baseline -0.001 -16"><span class='ocrx_word' id='word_1_24' title='bbox 1447 1096 1674 1169; x_wconf 89' lang='lat' dir='ltr'>templo</span> <span class='ocrx_word' id='word_1_25' title='bbox 1731 1103 2047 1165; x_wconf 81' lang='lat' dir='ltr'>suspensas</span> <span class='ocrx_word' id='word_1_26' title='bbox 2110 1102 2299 1165; x_wconf 81' lang='lat' dir='ltr'>novae</span> <span class='ocrx_word' id='word_1_27' title='bbox 2354 1085 2581 1145; x_wconf 88' lang='lat' dir='ltr'>formae</span> <span class='ocrx_word' id='word_1_28' title='bbox 2629 1098 2810 1158; x_wconf 83' lang='lat' dir='ltr'>atque</span> <span class='ocrx_word' id='word_1_29' title='bbox 2865 1085 3158 1159; x_wconf 81' lang='lat' dir='ltr'>originis,</span> <span class='ocrx_word' id='word_1_30' title='bbox 3220 1103 3292 1149; x_wconf 88' lang='lat' dir='ltr'>ac</span> <span class='ocrx_word' id='word_1_31' title='bbox 3345 1104 3462 1164; x_wconf 90' lang='lat' dir='ltr'>pro</span> <span class='ocrx_word' id='word_1_32' title='bbox 3517 1090 3832 1149; x_wconf 87' lang='lat' dir='ltr'>veteribus</span> <span class='ocrx_word' id='word_1_33' title='bbox 3883 1090 4284 1161; x_wconf 75' lang='lat' dir='ltr'>substitutas,</span> 
     </span>
     <span class='ocr_line' id='line_1_5' title="bbox 1447 1190 4277 1269; baseline -0.001 -16"><span class='ocrx_word' id='word_1_34' title='bbox 1447 1198 1589 1269; x_wconf 89' lang='lat' dir='ltr'>quin</span> <span class='ocrx_word' id='word_1_35' title='bbox 1632 1194 2025 1254; x_wconf 88' lang='lat' dir='ltr'>tintinnabula</span> <span class='ocrx_word' id='word_1_36' title='bbox 2058 1195 2229 1253; x_wconf 87' lang='lat' dir='ltr'>etiam</span> <span class='ocrx_word' id='word_1_37' title='bbox 2264 1191 2523 1253; x_wconf 82' lang='lat' dir='ltr'>recentia</span> <span class='ocrx_word' id='word_1_38' title='bbox 2566 1202 2737 1260; x_wconf 87' lang='lat' dir='ltr'>esse,</span> <span class='ocrx_word' id='word_1_39' title='bbox 2779 1206 2812 1248; x_wconf 91' lang='lat' dir='ltr'>e</span> <span class='ocrx_word' id='word_1_40' title='bbox 2850 1190 3158 1249; x_wconf 88' lang='lat' dir='ltr'>veteribus</span> <span class='ocrx_word' id='word_1_41' title='bbox 3199 1190 3491 1264; x_wconf 78' lang='lat' dir='ltr'>conflata,</span> <span class='ocrx_word' id='word_1_42' title='bbox 3531 1207 3867 1268; x_wconf 88' lang='lat' dir='ltr'>eorumque</span> <span class='ocrx_word' id='word_1_43' title='bbox 3897 1210 4108 1253; x_wconf 86' lang='lat' dir='ltr'>nomen</span> <span class='ocrx_word' id='word_1_44' title='bbox 4139 1208 4277 1254; x_wconf 80' lang='lat' dir='ltr'>ser.</span> 
     </span>
     <span class='ocr_line' id='line_1_6' title="bbox 1445 1295 4286 1373; baseline -0.001 -14"><span class='ocrx_word' id='word_1_45' title='bbox 1445 1301 1665 1361; x_wconf 75' lang='lat' dir='ltr'>varitia.</span> <span class='ocrx_word' id='word_1_46' title='bbox 1744 1300 1910 1358; x_wconf 86' lang='lat' dir='ltr'>Haec</span> <span class='ocrx_word' id='word_1_47' title='bbox 1954 1301 2140 1373; x_wconf 88' lang='lat' dir='ltr'>igitur</span> <span class='ocrx_word' id='word_1_48' title='bbox 2180 1310 2362 1369; x_wconf 86' lang='lat' dir='ltr'>sunt,</span> <span class='ocrx_word' id='word_1_49' title='bbox 2400 1310 2550 1371; x_wconf 86' lang='lat' dir='ltr'>quae</span> <span class='ocrx_word' id='word_1_50' title='bbox 2588 1310 2620 1351; x_wconf 96' lang='lat' dir='ltr'>a</span> <span class='ocrx_word' id='word_1_51' title='bbox 2661 1295 3064 1369; x_wconf 75' lang='lat' dir='ltr'>scriptoribus</span> <span class='ocrx_word' id='word_1_52' title='bbox 3099 1298 3304 1371; x_wconf 76' lang='lat' dir='ltr'>paullo</span> <span class='ocrx_word' id='word_1_53' title='bbox 3331 1310 3466 1356; x_wconf 86' lang='lat' dir='ltr'>ante</span> <span class='ocrx_word' id='word_1_54' title='bbox 3503 1298 3834 1367; x_wconf 82' lang='lat' dir='ltr'>memoratis</span> <span class='ocrx_word' id='word_1_55' title='bbox 3873 1296 3950 1355; x_wconf 86' lang='lat' dir='ltr'>de</span> <span class='ocrx_word' id='word_1_56' title='bbox 3989 1310 4122 1358; x_wconf 89' lang='lat' dir='ltr'>toto</span> <span class='ocrx_word' id='word_1_57' title='bbox 4159 1301 4286 1357; x_wconf 90' lang='lat' dir='ltr'>isto</span> 
     </span>
     <span class='ocr_line' id='line_1_7' title="bbox 1444 1397 4282 1479; baseline -0.001 -14"><span class='ocrx_word' id='word_1_58' title='bbox 1444 1404 1695 1479; x_wconf 85' lang='lat' dir='ltr'>negotio</span> <span class='ocrx_word' id='word_1_59' title='bbox 1732 1404 2109 1465; x_wconf 81' lang='lat' dir='ltr'>referuntur.</span> <span class='ocrx_word' id='word_1_60' title='bbox 2180 1401 2367 1463; x_wconf 82' lang='lat' dir='ltr'>Nunc</span> <span class='ocrx_word' id='word_1_61' title='bbox 2411 1398 2677 1473; x_wconf 87' lang='lat' dir='ltr'>denique</span> <span class='ocrx_word' id='word_1_62' title='bbox 2715 1397 3016 1459; x_wconf 85' lang='lat' dir='ltr'>videamus</span> <span class='ocrx_word' id='word_1_63' title='bbox 3057 1398 3202 1476; x_wconf 88' lang='lat' dir='ltr'>quid</span> <span class='ocrx_word' id='word_1_64' title='bbox 3233 1397 3310 1457; x_wconf 90' lang='lat' dir='ltr'>de</span> <span class='ocrx_word' id='word_1_65' title='bbox 3347 1401 3449 1460; x_wconf 88' lang='lat' dir='ltr'>illa</span> <span class='ocrx_word' id='word_1_66' title='bbox 3485 1398 3808 1461; x_wconf 73' lang='lat' dir='ltr'>traditione</span> <span class='ocrx_word' id='word_1_67' title='bbox 3845 1402 4282 1461; x_wconf 73' lang='lat' dir='ltr'>verosimiliter</span> 
     </span>
     <span class='ocr_line' id='line_1_8' title="bbox 1450 1502 4277 1581; baseline -0.001 -14"><span class='ocrx_word' id='word_1_68' title='bbox 1450 1506 1913 1569; x_wconf 81' lang='lat' dir='ltr'>existimandum</span> <span class='ocrx_word' id='word_1_69' title='bbox 1970 1510 2089 1577; x_wconf 86' lang='lat' dir='ltr'>sit;</span> <span class='ocrx_word' id='word_1_70' title='bbox 2140 1522 2255 1579; x_wconf 89' lang='lat' dir='ltr'>qua</span> <span class='ocrx_word' id='word_1_71' title='bbox 2298 1506 2359 1563; x_wconf 91' lang='lat' dir='ltr'>in</span> <span class='ocrx_word' id='word_1_72' title='bbox 2404 1502 2811 1579; x_wconf 89' lang='lat' dir='ltr'>disputatione</span> <span class='ocrx_word' id='word_1_73' title='bbox 2867 1504 3157 1577; x_wconf 80' lang='lat' dir='ltr'>aliorum,</span> <span class='ocrx_word' id='word_1_74' title='bbox 3197 1518 3325 1563; x_wconf 90' lang='lat' dir='ltr'>rem</span> <span class='ocrx_word' id='word_1_75' title='bbox 3365 1504 3496 1564; x_wconf 80' lang='lat' dir='ltr'>sive</span> <span class='ocrx_word' id='word_1_76' title='bbox 3543 1507 3734 1577; x_wconf 82' lang='lat' dir='ltr'>tueri,</span> <span class='ocrx_word' id='word_1_77' title='bbox 3765 1506 3896 1571; x_wconf 84' lang='lat' dir='ltr'>sive</span> <span class='ocrx_word' id='word_1_78' title='bbox 3925 1520 4277 1581; x_wconf 71' lang='lat' dir='ltr'>oppugnare</span> 
     </span>
     <span class='ocr_line' id='line_1_9' title="bbox 1454 1605 4284 1687; baseline -0.002 -14"><span class='ocrx_word' id='word_1_79' title='bbox 1454 1612 1828 1682; x_wconf 81' lang='lat' dir='ltr'>tentantium,</span> <span class='ocrx_word' id='word_1_80' title='bbox 1875 1622 1937 1668; x_wconf 87' lang='lat' dir='ltr'>at</span> <span class='ocrx_word' id='word_1_81' title='bbox 1976 1609 2159 1682; x_wconf 85' lang='lat' dir='ltr'>nihil,</span> <span class='ocrx_word' id='word_1_82' title='bbox 2201 1605 2364 1686; x_wconf 88' lang='lat' dir='ltr'>quod</span> <span class='ocrx_word' id='word_1_83' title='bbox 2405 1622 2631 1687; x_wconf 79' lang='lat' dir='ltr'>operae</span> <span class='ocrx_word' id='word_1_84' title='bbox 2669 1609 2928 1682; x_wconf 88' lang='lat' dir='ltr'>pretium</span> <span class='ocrx_word' id='word_1_85' title='bbox 2973 1609 3096 1679; x_wconf 89' lang='lat' dir='ltr'>sit,</span> <span class='ocrx_word' id='word_1_86' title='bbox 3149 1606 3618 1685; x_wconf 83' lang='lat' dir='ltr'>proferentium,</span> <span class='ocrx_word' id='word_1_87' title='bbox 3673 1611 3992 1683; x_wconf 85' lang='lat' dir='ltr'>opiniones</span> <span class='ocrx_word' id='word_1_88' title='bbox 4033 1609 4284 1669; x_wconf 83' lang='lat' dir='ltr'>silentio</span> 
     </span>
     <span class='ocr_line' id='line_1_10' title="bbox 1450 1692 4290 1791; baseline 0 -19"><span class='ocrx_word' id='word_1_89' title='bbox 1450 1716 1997 1791; x_wconf 78' lang='lat' dir='ltr'>praetermittemus</span> <span class='ocrx_word' id='word_1_90' title='bbox 2028 1751 2050 1783; x_wconf 93' lang='lat'>,</span> <span class='ocrx_word' id='word_1_91' title='bbox 2116 1726 2178 1773; x_wconf 91' lang='lat' dir='ltr'>et</span> <span class='ocrx_word' id='word_1_92' title='bbox 2228 1692 2415 1773; x_wconf 75' lang='lat' dir='ltr'>solam</span> <span class='ocrx_word' id='word_1_93' title='bbox 2472 1727 2736 1774; x_wconf 88' lang='lat' dir='ltr'>nostram</span> <span class='ocrx_word' id='word_1_94' title='bbox 2797 1713 3196 1785; x_wconf 85' lang='lat' dir='ltr'>sententiam,</span> <span class='ocrx_word' id='word_1_95' title='bbox 3253 1708 3484 1771; x_wconf 87' lang='lat' dir='ltr'>idoneis</span> <span class='ocrx_word' id='word_1_96' title='bbox 3549 1725 3875 1787; x_wconf 86' lang='lat' dir='ltr'>utcumque</span> <span class='ocrx_word' id='word_1_97' title='bbox 3927 1714 4290 1787; x_wconf 79' lang='lat' dir='ltr'>argumentis</span> 
     </span>
     <span class='ocr_line' id='line_1_11' title="bbox 1452 1813 4288 1898; baseline 0 -23"><span class='ocrx_word' id='word_1_98' title='bbox 1452 1815 1889 1889; x_wconf 83' lang='lat' dir='ltr'>confirmatam,</span> <span class='ocrx_word' id='word_1_99' title='bbox 1929 1818 2552 1882; x_wconf 76' lang='lat' dir='ltr'>commemorabimus,</span> <span class='ocrx_word' id='word_1_100' title='bbox 2643 1818 2768 1898; x_wconf 85' lang='lat' dir='ltr'>Jam</span> <span class='ocrx_word' id='word_1_101' title='bbox 2815 1816 2866 1875; x_wconf 85' lang='lat' dir='ltr'>si</span> <span class='ocrx_word' id='word_1_102' title='bbox 2928 1816 3088 1877; x_wconf 89' lang='lat' dir='ltr'>illius</span> <span class='ocrx_word' id='word_1_103' title='bbox 3137 1816 3225 1875; x_wconf 90' lang='lat' dir='ltr'>rei</span> <span class='ocrx_word' id='word_1_104' title='bbox 3266 1816 3338 1875; x_wconf 87' lang='lat' dir='ltr'>ab</span> <span class='ocrx_word' id='word_1_105' title='bbox 3390 1816 3875 1876; x_wconf 88' lang='lat' dir='ltr'>Harlemensibus</span> <span class='ocrx_word' id='word_1_106' title='bbox 3919 1813 4073 1893; x_wconf 87' lang='lat' dir='ltr'>apud</span> <span class='ocrx_word' id='word_1_107' title='bbox 4123 1817 4288 1877; x_wconf 86' lang='lat' dir='ltr'>Dim·</span> 
     </span>
     <span class='ocr_line' id='line_1_12' title="bbox 1452 1918 4290 1994; baseline 0.001 -16"><span class='ocrx_word' id='word_1_108' title='bbox 1452 1935 1643 1993; x_wconf 68' lang='lat' dir='ltr'>vatam</span> <span class='ocrx_word' id='word_1_109' title='bbox 1702 1935 1904 1994; x_wconf 81' lang='lat' dir='ltr'>gestae</span> <span class='ocrx_word' id='word_1_110' title='bbox 1959 1920 2363 1982; x_wconf 75' lang='lat' dir='ltr'>narrationem</span> <span class='ocrx_word' id='word_1_111' title='bbox 2429 1923 2547 1983; x_wconf 88' lang='lat' dir='ltr'>rite</span> <span class='ocrx_word' id='word_1_112' title='bbox 2596 1920 3180 1981; x_wconf 80' lang='lat' dir='ltr'>consideraverimus</span> <span class='ocrx_word' id='word_1_113' title='bbox 3211 1960 3232 1991; x_wconf 95' lang='lat'><strong>‚</strong></span> <span class='ocrx_word' id='word_1_114' title='bbox 3285 1919 3529 1977; x_wconf 85' lang='lat' dir='ltr'>omnino</span> <span class='ocrx_word' id='word_1_115' title='bbox 3598 1918 3901 1979; x_wconf 85' lang='lat' dir='ltr'>fatendum</span> <span class='ocrx_word' id='word_1_116' title='bbox 3973 1932 4068 1979; x_wconf 85' lang='lat' dir='ltr'>est</span> <span class='ocrx_word' id='word_1_117' title='bbox 4131 1921 4290 1981; x_wconf 85' lang='lat' dir='ltr'>illam</span> 
     </span>
     <span class='ocr_line' id='line_1_13' title="bbox 1448 2019 4288 2097; baseline 0 -16"><span class='ocrx_word' id='word_1_118' title='bbox 1448 2026 1738 2083; x_wconf 85' lang='lat' dir='ltr'>miserum</span> <span class='ocrx_word' id='word_1_119' title='bbox 1789 2025 1847 2080; x_wconf 93' lang='lat' dir='ltr'>in</span> <span class='ocrx_word' id='word_1_120' title='bbox 1880 2022 2131 2082; x_wconf 81' lang='lat' dir='ltr'>modum</span> <span class='ocrx_word' id='word_1_121' title='bbox 2183 2022 2571 2083; x_wconf 79' lang='lat' dir='ltr'>deformatam</span> <span class='ocrx_word' id='word_1_122' title='bbox 2634 2037 2692 2083; x_wconf 92' lang='lat' dir='ltr'>et</span> <span class='ocrx_word' id='word_1_123' title='bbox 2741 2038 3086 2097; x_wconf 86' lang='lat' dir='ltr'>corruptam</span> <span class='ocrx_word' id='word_1_124' title='bbox 3134 2019 3207 2081; x_wconf 89' lang='lat' dir='ltr'>ad</span> <span class='ocrx_word' id='word_1_125' title='bbox 3262 2034 3526 2082; x_wconf 90' lang='lat' dir='ltr'>nostram</span> <span class='ocrx_word' id='word_1_126' title='bbox 3576 2023 3840 2083; x_wconf 83' lang='lat' dir='ltr'>notitiam</span> <span class='ocrx_word' id='word_1_127' title='bbox 3892 2026 4288 2097; x_wconf 82' lang='lat' dir='ltr'>pervenisse,</span> 
     </span>
     <span class='ocr_line' id='line_1_14' title="bbox 1452 2122 4294 2203; baseline 0.001 -19"><span class='ocrx_word' id='word_1_128' title='bbox 1452 2128 1619 2201; x_wconf 89' lang='lat' dir='ltr'>quod</span> <span class='ocrx_word' id='word_1_129' title='bbox 1654 2142 1793 2187; x_wconf 89' lang='lat' dir='ltr'>sane</span> <span class='ocrx_word' id='word_1_130' title='bbox 1837 2126 2051 2196; x_wconf 80' lang='lat' dir='ltr'>nemini</span> <span class='ocrx_word' id='word_1_131' title='bbox 2088 2126 2305 2185; x_wconf 89' lang='lat' dir='ltr'>mirum</span> <span class='ocrx_word' id='word_1_132' title='bbox 2341 2126 2537 2187; x_wconf 87' lang='lat' dir='ltr'>videri</span> <span class='ocrx_word' id='word_1_133' title='bbox 2570 2127 2830 2203; x_wconf 88' lang='lat' dir='ltr'>poterit,</span> <span class='ocrx_word' id='word_1_134' title='bbox 2873 2128 2976 2199; x_wconf 82' lang='lat' dir='ltr'>qni</span> <span class='ocrx_word' id='word_1_135' title='bbox 3020 2126 3164 2185; x_wconf 86' lang='lat' dir='ltr'>haec</span> <span class='ocrx_word' id='word_1_136' title='bbox 3206 2126 3367 2185; x_wconf 84' lang='lat' dir='ltr'>forte</span> <span class='ocrx_word' id='word_1_137' title='bbox 3407 2122 3828 2185; x_wconf 84' lang='lat' dir='ltr'>ducentesimo</span> <span class='ocrx_word' id='word_1_138' title='bbox 3869 2122 4102 2187; x_wconf 84' lang='lat' dir='ltr'>demum</span> <span class='ocrx_word' id='word_1_139' title='bbox 4138 2143 4294 2187; x_wconf 82' lang='lat' dir='ltr'>anno</span> 
     </span>
     <span class='ocr_line' id='line_1_15' title="bbox 1444 2226 4296 2309; baseline 0 -17"><span class='ocrx_word' id='word_1_140' title='bbox 1444 2248 1593 2309; x_wconf 85' lang='lat' dir='ltr'>post</span> <span class='ocrx_word' id='word_1_141' title='bbox 1633 2245 1865 2306; x_wconf 88' lang='lat' dir='ltr'>captam</span> <span class='ocrx_word' id='word_1_142' title='bbox 1912 2231 2290 2303; x_wconf 86' lang='lat' dir='ltr'>Dimyatham</span> <span class='ocrx_word' id='word_1_143' title='bbox 2342 2234 2582 2305; x_wconf 90' lang='lat' dir='ltr'>scripto</span> <span class='ocrx_word' id='word_1_144' title='bbox 2622 2231 2968 2301; x_wconf 84' lang='lat' dir='ltr'>consignata</span> <span class='ocrx_word' id='word_1_145' title='bbox 3013 2245 3145 2291; x_wconf 90' lang='lat' dir='ltr'>esse</span> <span class='ocrx_word' id='word_1_146' title='bbox 3187 2229 3539 2291; x_wconf 87' lang='lat' dir='ltr'>meminerit.</span> <span class='ocrx_word' id='word_1_147' title='bbox 3637 2226 3820 2307; x_wconf 86' lang='lat' dir='ltr'>Quod</span> <span class='ocrx_word' id='word_1_148' title='bbox 3857 2232 4024 2291; x_wconf 86' lang='lat' dir='ltr'>navis</span> <span class='ocrx_word' id='word_1_149' title='bbox 4069 2248 4296 2293; x_wconf 82' lang='lat' dir='ltr'>summa</span> 
     </span>
     <span class='ocr_line' id='line_1_16' title="bbox 1454 2330 4286 2411; baseline -0.001 -14"><span class='ocrx_word' id='word_1_150' title='bbox 1454 2352 1667 2397; x_wconf 87' lang='lat' dir='ltr'>cursus</span> <span class='ocrx_word' id='word_1_151' title='bbox 1710 2333 1803 2395; x_wconf 92' lang='lat' dir='ltr'>sui</span> <span class='ocrx_word' id='word_1_152' title='bbox 1837 2332 2220 2392; x_wconf 83' lang='lat' dir='ltr'>vehementia</span> <span class='ocrx_word' id='word_1_153' title='bbox 2264 2344 2533 2393; x_wconf 87' lang='lat' dir='ltr'>catenam</span> <span class='ocrx_word' id='word_1_154' title='bbox 2573 2335 2972 2411; x_wconf 89' lang='lat' dir='ltr'>perruperit,</span> <span class='ocrx_word' id='word_1_155' title='bbox 3013 2333 3071 2394; x_wconf 91' lang='lat' dir='ltr'>id</span> <span class='ocrx_word' id='word_1_156' title='bbox 3111 2348 3225 2409; x_wconf 90' lang='lat' dir='ltr'>per</span> <span class='ocrx_word' id='word_1_157' title='bbox 3264 2347 3330 2393; x_wconf 88' lang='lat' dir='ltr'>se</span> <span class='ocrx_word' id='word_1_158' title='bbox 3361 2330 3600 2409; x_wconf 88' lang='lat' dir='ltr'>quidem</span> <span class='ocrx_word' id='word_1_159' title='bbox 3640 2334 3786 2392; x_wconf 88' lang='lat' dir='ltr'>nihil</span> <span class='ocrx_word' id='word_1_160' title='bbox 3823 2333 4000 2397; x_wconf 87' lang='lat' dir='ltr'>habet</span> <span class='ocrx_word' id='word_1_161' title='bbox 4035 2334 4148 2396; x_wconf 83' lang='lat' dir='ltr'>fide</span> <span class='ocrx_word' id='word_1_162' title='bbox 4195 2338 4286 2395; x_wconf 85' lang='lat' dir='ltr'>in-</span> 
     </span>
     <span class='ocr_line' id='line_1_17' title="bbox 1454 2435 4296 2516; baseline 0 -16"><span class='ocrx_word' id='word_1_163' title='bbox 1454 2440 1738 2515; x_wconf 61' lang='lat' dir='ltr'>dignumt</span> <span class='ocrx_word' id='word_1_164' title='bbox 1786 2435 1953 2513; x_wconf 84' lang='lat' dir='ltr'>quod</span> <span class='ocrx_word' id='word_1_165' title='bbox 2007 2449 2207 2496; x_wconf 88' lang='lat' dir='ltr'>autem</span> <span class='ocrx_word' id='word_1_166' title='bbox 2256 2441 2475 2498; x_wconf 77' lang='lat' dir='ltr'>serrata</span> <span class='ocrx_word' id='word_1_167' title='bbox 2527 2440 2716 2514; x_wconf 64' lang='lat' dir='ltr'>prora</span> <span class='ocrx_word' id='word_1_168' title='bbox 2765 2436 3012 2499; x_wconf 87' lang='lat' dir='ltr'>eandem</span> <span class='ocrx_word' id='word_1_169' title='bbox 3057 2436 3454 2509; x_wconf 86' lang='lat' dir='ltr'>dissecuerit,</span> <span class='ocrx_word' id='word_1_170' title='bbox 3511 2436 3615 2509; x_wconf 85' lang='lat' dir='ltr'>id,</span> <span class='ocrx_word' id='word_1_171' title='bbox 3670 2439 3856 2499; x_wconf 80' lang='lat' dir='ltr'>sicuti</span> <span class='ocrx_word' id='word_1_172' title='bbox 3887 2440 4296 2516; x_wconf 68' lang='lat' dir='ltr'>probatissimi</span> 
     </span>
     <span class='ocr_line' id='line_1_18' title="bbox 1456 2538 4302 2619; baseline 0.001 -18"><span class='ocrx_word' id='word_1_173' title='bbox 1456 2544 1683 2617; x_wconf 86' lang='lat' dir='ltr'>quique</span> <span class='ocrx_word' id='word_1_174' title='bbox 1718 2543 2049 2617; x_wconf 79' lang='lat' dir='ltr'>scriptores</span> <span class='ocrx_word' id='word_1_175' title='bbox 2088 2538 2316 2599; x_wconf 84' lang='lat' dir='ltr'>dudum</span> <span class='ocrx_word' id='word_1_176' title='bbox 2351 2538 2936 2613; x_wconf 82' lang='lat' dir='ltr'>animadverterunt,</span> <span class='ocrx_word' id='word_1_177' title='bbox 2973 2556 3211 2603; x_wconf 86' lang='lat' dir='ltr'>naturae</span> <span class='ocrx_word' id='word_1_178' title='bbox 3245 2540 3486 2615; x_wconf 72' lang='lat' dir='ltr'>legibus</span> <span class='ocrx_word' id='word_1_179' title='bbox 3521 2544 3890 2601; x_wconf 80' lang='lat' dir='ltr'>contrari-um</span> <span class='ocrx_word' id='word_1_180' title='bbox 3933 2557 4046 2607; x_wconf 80' lang='lat' dir='ltr'>est.</span> <span class='ocrx_word' id='word_1_181' title='bbox 4125 2544 4302 2619; x_wconf 80' lang='lat' dir='ltr'>Ergo·</span> 
     </span>
     <span class='ocr_line' id='line_1_19' title="bbox 1458 2642 4298 2723; baseline 0 -19"><span class='ocrx_word' id='word_1_182' title='bbox 1458 2647 1745 2717; x_wconf 85' lang='lat' dir='ltr'>fuerunt,</span> <span class='ocrx_word' id='word_1_183' title='bbox 1796 2650 1903 2721; x_wconf 86' lang='lat' dir='ltr'>qui</span> <span class='ocrx_word' id='word_1_184' title='bbox 1945 2646 2354 2706; x_wconf 83' lang='lat' dir='ltr'>existimarent</span> <span class='ocrx_word' id='word_1_185' title='bbox 2390 2648 2700 2722; x_wconf 85' lang='lat' dir='ltr'>posterius</span> <span class='ocrx_word' id='word_1_186' title='bbox 2743 2645 2986 2723; x_wconf 88' lang='lat' dir='ltr'>quidem</span> <span class='ocrx_word' id='word_1_187' title='bbox 3044 2642 3474 2720; x_wconf 86' lang='lat' dir='ltr'>repudiandum</span> <span class='ocrx_word' id='word_1_188' title='bbox 3525 2659 3700 2721; x_wconf 86' lang='lat' dir='ltr'>esse,</span> <span class='ocrx_word' id='word_1_189' title='bbox 3755 2648 3924 2723; x_wconf 89' lang='lat' dir='ltr'>prius</span> <span class='ocrx_word' id='word_1_190' title='bbox 3970 2662 4123 2707; x_wconf 89' lang='lat' dir='ltr'>vero</span> <span class='ocrx_word' id='word_1_191' title='bbox 4161 2648 4298 2707; x_wconf 69' lang='lat' dir='ltr'>illu·-</span> 
     </span>
     <span class='ocr_line' id='line_1_20' title="bbox 1455 2749 4293 2828; baseline 0.001 -19"><span class='ocrx_word' id='word_1_192' title='bbox 1455 2754 1631 2811; x_wconf 86' lang='lat' dir='ltr'>strari</span> <span class='ocrx_word' id='word_1_193' title='bbox 1681 2764 1741 2807; x_wconf 90' lang='lat' dir='ltr'>et</span> <span class='ocrx_word' id='word_1_194' title='bbox 1778 2749 2119 2809; x_wconf 87' lang='lat' dir='ltr'>confirmari</span> <span class='ocrx_word' id='word_1_195' title='bbox 2161 2764 2343 2826; x_wconf 75' lang='lat' dir='ltr'>poss-e</span> <span class='ocrx_word' id='word_1_196' title='bbox 2381 2764 2456 2809; x_wconf 86' lang='lat' dir='ltr'>ex</span> <span class='ocrx_word' id='word_1_197' title='bbox 2496 2750 2743 2809; x_wconf 72' lang='lat' dir='ltr'>aliarum</span> <span class='ocrx_word' id='word_1_198' title='bbox 2791 2763 2996 2809; x_wconf 72' lang='lat' dir='ltr'>rerum</span> <span class='ocrx_word' id='word_1_199' title='bbox 3031 2765 3292 2827; x_wconf 84' lang='lat' dir='ltr'>prorsus</span> <span class='ocrx_word' id='word_1_200' title='bbox 3323 2750 3602 2810; x_wconf 90' lang='lat' dir='ltr'>similium</span> <span class='ocrx_word' id='word_1_201' title='bbox 3645 2754 4114 2828; x_wconf 86' lang='lat' dir='ltr'>comparatione.</span> <span class='ocrx_word' id='word_1_202' title='bbox 4191 2752 4293 2814; x_wconf 81' lang='lat' dir='ltr'>Sic</span> 
     </span>
     <span class='ocr_line' id='line_1_21' title="bbox 1463 2853 4299 2935; baseline 0.001 -22"><span class='ocrx_word' id='word_1_203' title='bbox 1463 2857 1627 2913; x_wconf 86' lang='lat' dir='ltr'>enim</span> <span class='ocrx_word' id='word_1_204' title='bbox 1668 2871 1804 2916; x_wconf 87' lang='lat' dir='ltr'>cum</span> <span class='ocrx_word' id='word_1_205' title='bbox 1848 2855 2169 2929; x_wconf 80' lang='lat' dir='ltr'>Ruyterus</span> <span class='ocrx_word' id='word_1_206' title='bbox 2213 2853 2499 2928; x_wconf 86' lang='lat' dir='ltr'>Belgicae</span> <span class='ocrx_word' id='word_1_207' title='bbox 2541 2856 2720 2913; x_wconf 89' lang='lat' dir='ltr'>classi</span> <span class='ocrx_word' id='word_1_208' title='bbox 2757 2854 3108 2929; x_wconf 88' lang='lat' dir='ltr'>praefectus</span> <span class='ocrx_word' id='word_1_209' title='bbox 3148 2853 3432 2912; x_wconf 79' lang='lat' dir='ltr'>Tamisam</span> <span class='ocrx_word' id='word_1_210' title='bbox 3479 2854 3838 2919; x_wconf 77' lang='lat' dir='ltr'>fluvium-A.</span> <span class='ocrx_word' id='word_1_211' title='bbox 3875 2858 4021 2935; x_wconf 79' lang='lat'>1667</span> <span class='ocrx_word' id='word_1_212' title='bbox 4057 2856 4299 2919; x_wconf 76' lang='lat' dir='ltr'>adscen-</span> 
     </span>
     <span class='ocr_line' id='line_1_22' title="bbox 1452 2956 4302 3033; baseline 0.001 -16"><span class='ocrx_word' id='word_1_213' title='bbox 1452 2957 1664 3031; x_wconf 88' lang='lat' dir='ltr'>deret,</span> <span class='ocrx_word' id='word_1_214' title='bbox 1715 2974 1776 3018; x_wconf 92' lang='lat' dir='ltr'>et</span> <span class='ocrx_word' id='word_1_215' title='bbox 1818 2961 2149 3033; x_wconf 86' lang='lat' dir='ltr'>Anglorum</span> <span class='ocrx_word' id='word_1_216' title='bbox 2188 2959 2419 3017; x_wconf 87' lang='lat' dir='ltr'>navalia</span> <span class='ocrx_word' id='word_1_217' title='bbox 2469 2956 2746 3028; x_wconf 89' lang='lat' dir='ltr'>deleret,</span> <span class='ocrx_word' id='word_1_218' title='bbox 2798 2972 3098 3025; x_wconf 87' lang='lat' dir='ltr'>catenam,</span> <span class='ocrx_word' id='word_1_219' title='bbox 3136 2973 3312 3031; x_wconf 88' lang='lat' dir='ltr'>quam</span> <span class='ocrx_word' id='word_1_220' title='bbox 3353 2956 3546 3018; x_wconf 87' lang='lat' dir='ltr'>hostis</span> <span class='ocrx_word' id='word_1_221' title='bbox 3585 2958 3956 3032; x_wconf 76' lang='lat' dir='ltr'>tetenderat,</span> <span class='ocrx_word' id='word_1_222' title='bbox 3994 2960 4156 3021; x_wconf 84' lang='lat' dir='ltr'>navis</span> <span class='ocrx_word' id='word_1_223' title='bbox 4195 2962 4302 3020; x_wconf 80' lang='lat' dir='ltr'>im-</span> 
     </span>
     <span class='ocr_line' id='line_1_23' title="bbox 1454 3059 4298 3139; baseline 0.002 -20"><span class='ocrx_word' id='word_1_224' title='bbox 1454 3063 1637 3135; x_wconf 81' lang='lat' dir='ltr'>pulsu</span> <span class='ocrx_word' id='word_1_225' title='bbox 1692 3062 2015 3139; x_wconf 88' lang='lat' dir='ltr'>disruptam</span> <span class='ocrx_word' id='word_1_226' title='bbox 2060 3077 2251 3135; x_wconf 58' lang='lat' dir='ltr'>esse,</span> <span class='ocrx_word' id='word_1_227' title='bbox 2300 3059 2581 3137; x_wconf 81' lang='lat' dir='ltr'>idemque</span> <span class='ocrx_word' id='word_1_228' title='bbox 2629 3060 2862 3121; x_wconf 80' lang='lat' dir='ltr'>facinus</span> <span class='ocrx_word' id='word_1_229' title='bbox 2905 3076 3079 3121; x_wconf 86' lang='lat' dir='ltr'>ausos</span> <span class='ocrx_word' id='word_1_230' title='bbox 3140 3074 3271 3120; x_wconf 86' lang='lat' dir='ltr'>esse</span> <span class='ocrx_word' id='word_1_231' title='bbox 3317 3061 3714 3133; x_wconf 68' lang='lat' dir='ltr'>flmmeum,</span> <span class='ocrx_word' id='word_1_232' title='bbox 3769 3078 3906 3123; x_wconf 85' lang='lat' dir='ltr'>cum</span> <span class='ocrx_word' id='word_1_233' title='bbox 3941 3064 4124 3125; x_wconf 83' lang='lat' dir='ltr'>Anno</span> <span class='ocrx_word' id='word_1_234' title='bbox 4173 3066 4298 3125; x_wconf 87' lang='lat' dir='ltr'>cir·</span> 
     </span>
     <span class='ocr_line' id='line_1_24' title="bbox 1456 3163 4295 3245; baseline 0.001 -20"><span class='ocrx_word' id='word_1_235' title='bbox 1456 3164 1618 3225; x_wconf 83' lang='lat' dir='ltr'>citer</span> <span class='ocrx_word' id='word_1_236' title='bbox 1660 3181 1802 3239; x_wconf 87' lang='lat'>1250</span> <span class='ocrx_word' id='word_1_237' title='bbox 1842 3167 2365 3244; x_wconf 84' lang='lat' dir='ltr'>Archiepiscopus</span> <span class='ocrx_word' id='word_1_238' title='bbox 2394 3163 2692 3225; x_wconf 88' lang='lat' dir='ltr'>Gerardus</span> <span class='ocrx_word' id='word_1_239' title='bbox 2724 3165 3032 3237; x_wconf 83' lang='lat' dir='ltr'>Visurgim</span> <span class='ocrx_word' id='word_1_240' title='bbox 3077 3175 3284 3223; x_wconf 83' lang='lat' dir='ltr'>catena</span> <span class='ocrx_word' id='word_1_241' title='bbox 3318 3166 3665 3239; x_wconf 80' lang='lat' dir='ltr'>clausisset,</span> <span class='ocrx_word' id='word_1_242' title='bbox 3701 3182 3769 3229; x_wconf 83' lang='lat' dir='ltr'>ut</span> <span class='ocrx_word' id='word_1_243' title='bbox 3802 3185 3834 3228; x_wconf 87' lang='lat' dir='ltr'>a</span> <span class='ocrx_word' id='word_1_244' title='bbox 3865 3171 4114 3231; x_wconf 88' lang='lat' dir='ltr'>navibus</span> <span class='ocrx_word' id='word_1_245' title='bbox 4149 3185 4295 3245; x_wconf 73' lang='lat' dir='ltr'>por-</span> 
     </span>
     <span class='ocr_line' id='line_1_25' title="bbox 1460 3267 4294 3349; baseline 0.001 -21"><span class='ocrx_word' id='word_1_246' title='bbox 1460 3270 1673 3328; x_wconf 80' lang='lat' dir='ltr'>torium</span> <span class='ocrx_word' id='word_1_247' title='bbox 1720 3271 2013 3345; x_wconf 83' lang='lat' dir='ltr'>exigeret.</span> <span class='ocrx_word' id='word_1_248' title='bbox 2086 3267 2249 3343; x_wconf 83' lang='lat' dir='ltr'><strong>(Cf.</strong></span> <span class='ocrx_word' id='word_1_249' title='bbox 2287 3268 2516 3330; x_wconf 87' lang='lat' dir='ltr'>Brandt</span> <span class='ocrx_word' id='word_1_250' title='bbox 2550 3272 2611 3329; x_wconf 89' lang='lat' dir='ltr'>in</span> <span class='ocrx_word' id='word_1_251' title='bbox 2658 3270 2798 3330; x_wconf 87' lang='lat' dir='ltr'>Vita</span> <span class='ocrx_word' id='word_1_252' title='bbox 2837 3269 3112 3345; x_wconf 70' lang='lat' dir='ltr'>Ruyteri-</span> <span class='ocrx_word' id='word_1_253' title='bbox 3148 3270 3402 3345; x_wconf 83' lang='lat' dir='ltr'>Belgice</span> <span class='ocrx_word' id='word_1_254' title='bbox 3445 3274 3792 3348; x_wconf 75' lang='lat' dir='ltr'>conscripta</span> <span class='ocrx_word' id='word_1_255' title='bbox 3825 3290 3890 3349; x_wconf 85' lang='lat' dir='ltr'>p.</span> <span class='ocrx_word' id='word_1_256' title='bbox 3921 3286 4032 3346; x_wconf 79' lang='lat'>575</span> <span class='ocrx_word' id='word_1_257' title='bbox 4048 3314 4080 3344; x_wconf 90' lang='lat'>,.</span> <span class='ocrx_word' id='word_1_258' title='bbox 4111 3272 4294 3332; x_wconf 82' lang='lat' dir='ltr'>Ubbo</span> 
     </span>
     <span class='ocr_line' id='line_1_26' title="bbox 1455 3372 4294 3453; baseline 0.001 -20"><span class='ocrx_word' id='word_1_259' title='bbox 1455 3373 1727 3435; x_wconf 84' lang='lat' dir='ltr'>Emmius</span> <span class='ocrx_word' id='word_1_260' title='bbox 1768 3374 1983 3435; x_wconf 83' lang='lat' dir='ltr'>Rerum</span> <span class='ocrx_word' id='word_1_261' title='bbox 2022 3372 2227 3435; x_wconf 63' lang='lat' dir='ltr'>Frate.</span> <span class='ocrx_word' id='word_1_262' title='bbox 2269 3373 2430 3433; x_wconf 73' lang='lat' dir='ltr'>Hist-</span> <span class='ocrx_word' id='word_1_263' title='bbox 2474 3372 2617 3434; x_wconf 82' lang='lat' dir='ltr'>Lib.</span> <span class='ocrx_word' id='word_1_264' title='bbox 2648 3374 2724 3435; x_wconf 84' lang='lat' dir='ltr'>X.</span> <span class='ocrx_word' id='word_1_265' title='bbox 2781 3392 2848 3451; x_wconf 75' lang='lat' dir='ltr'>p.</span> <span class='ocrx_word' id='word_1_266' title='bbox 2880 3390 2968 3435; x_wconf 74' lang='lat' dir='ltr'>m.</span> <span class='ocrx_word' id='word_1_267' title='bbox 3009 3388 3122 3450; x_wconf 76' lang='lat'>413</span> <span class='ocrx_word' id='word_1_268' title='bbox 3159 3389 3293 3448; x_wconf 64' lang='lat' dir='ltr'>sq„</span> <span class='ocrx_word' id='word_1_269' title='bbox 3351 3375 3476 3435; x_wconf 85' lang='lat' dir='ltr'>Van</span> <span class='ocrx_word' id='word_1_270' title='bbox 3519 3376 3760 3453; x_wconf 78' lang='lat' dir='ltr'>oosten·</span> <span class='ocrx_word' id='word_1_271' title='bbox 3785 3374 3860 3431; x_wconf 86' lang='lat' dir='ltr'>de</span> <span class='ocrx_word' id='word_1_272' title='bbox 3901 3374 4110 3451; x_wconf 61' lang='lat' dir='ltr'>Bsuyn</span> <span class='ocrx_word' id='word_1_273' title='bbox 4163 3377 4208 3437; x_wconf 88' lang='lat'>1.</span> <span class='ocrx_word' id='word_1_274' title='bbox 4252 3378 4294 3437; x_wconf 73' lang='lat' dir='ltr'>l‘.</span> 
     </span>
     <span class='ocr_line' id='line_1_27' title="bbox 1456 3474 4304 3553; baseline 0.002 -18"><span class='ocrx_word' id='word_1_275' title='bbox 1456 3474 1683 3553; x_wconf 82' lang='lat' dir='ltr'>p.48.)</span> <span class='ocrx_word' id='word_1_276' title='bbox 1757 3477 1989 3551; x_wconf 86' lang='lat' dir='ltr'>Quibus</span> <span class='ocrx_word' id='word_1_277' title='bbox 2025 3480 2273 3539; x_wconf 85' lang='lat' dir='ltr'>tertium</span> <span class='ocrx_word' id='word_1_278' title='bbox 2308 3479 2656 3553; x_wconf 86' lang='lat' dir='ltr'>exemplum</span> <span class='ocrx_word' id='word_1_279' title='bbox 2689 3474 3014 3552; x_wconf 86' lang='lat' dir='ltr'>adjungere</span> <span class='ocrx_word' id='word_1_280' title='bbox 3047 3486 3365 3551; x_wconf 77' lang='lat' dir='ltr'>possumus</span> <span class='ocrx_word' id='word_1_281' title='bbox 3381 3476 3668 3549; x_wconf 86' lang='lat' dir='ltr'>imprimis</span> <span class='ocrx_word' id='word_1_282' title='bbox 3689 3492 4089 3553; x_wconf 88' lang='lat' dir='ltr'>opportunum</span> <span class='ocrx_word' id='word_1_283' title='bbox 4113 3520 4135 3553; x_wconf 92' lang='lat'>,</span> <span class='ocrx_word' id='word_1_284' title='bbox 4163 3494 4304 3539; x_wconf 85' lang='lat' dir='ltr'>eum</span> 
     </span>
     <span class='ocr_line' id='line_1_28' title="bbox 1466 3580 4304 3659; baseline 0.002 -24"><span class='ocrx_word' id='word_1_285' title='bbox 1466 3590 1547 3639; x_wconf 83' lang='lat' dir='ltr'>ex</span> <span class='ocrx_word' id='word_1_286' title='bbox 1580 3592 1654 3637; x_wconf 91' lang='lat' dir='ltr'>eo</span> <span class='ocrx_word' id='word_1_287' title='bbox 1694 3582 2180 3643; x_wconf 83' lang='lat' dir='ltr'>luculentissime·</span> <span class='ocrx_word' id='word_1_288' title='bbox 2211 3584 2578 3657; x_wconf 85' lang='lat' dir='ltr'>intelligatur</span> <span class='ocrx_word' id='word_1_289' title='bbox 2599 3623 2621 3653; x_wconf 93' lang='lat'>,</span> <span class='ocrx_word' id='word_1_290' title='bbox 2659 3596 2776 3657; x_wconf 85' lang='lat' dir='ltr'>qua</span> <span class='ocrx_word' id='word_1_291' title='bbox 2818 3582 3050 3641; x_wconf 75' lang='lat' dir='ltr'>ratione</span> <span class='ocrx_word' id='word_1_292' title='bbox 3101 3581 3284 3641; x_wconf 82' lang='lat' dir='ltr'>turris.</span> <span class='ocrx_word' id='word_1_293' title='bbox 3308 3580 3614 3641; x_wconf 80' lang='lat' dir='ltr'>Niloticae</span> <span class='ocrx_word' id='word_1_294' title='bbox 3650 3597 3682 3640; x_wconf 85' lang='lat' dir='ltr'>a</span> <span class='ocrx_word' id='word_1_295' title='bbox 3710 3582 4062 3645; x_wconf 83' lang='lat' dir='ltr'>Christianis</span> <span class='ocrx_word' id='word_1_296' title='bbox 4097 3596 4304 3659; x_wconf 86' lang='lat' dir='ltr'>captae</span> 
     </span>
     <span class='ocr_line' id='line_1_29' title="bbox 1465 3683 4302 3763; baseline 0.004 -24"><span class='ocrx_word' id='word_1_297' title='bbox 1465 3693 1827 3755; x_wconf 79' lang='lat' dir='ltr'>catenaeque</span> <span class='ocrx_word' id='word_1_298' title='bbox 1872 3684 2099 3743; x_wconf 86' lang='lat' dir='ltr'>fractae</span> <span class='ocrx_word' id='word_1_299' title='bbox 2143 3684 2397 3743; x_wconf 85' lang='lat' dir='ltr'>historia</span> <span class='ocrx_word' id='word_1_300' title='bbox 2442 3686 2611 3759; x_wconf 86' lang='lat' dir='ltr'>lapsu</span> <span class='ocrx_word' id='word_1_301' title='bbox 2667 3688 2954 3761; x_wconf 88' lang='lat' dir='ltr'>temporis</span> <span class='ocrx_word' id='word_1_302' title='bbox 3004 3697 3295 3759; x_wconf 76' lang='lat' dir='ltr'>corrupta</span> <span class='ocrx_word' id='word_1_303' title='bbox 3351 3688 3452 3747; x_wconf 84' lang='lat' dir='ltr'>sit.</span> <span class='ocrx_word' id='word_1_304' title='bbox 3545 3687 3946 3763; x_wconf 79' lang='lat' dir='ltr'>Respicimus</span> <span class='ocrx_word' id='word_1_305' title='bbox 3977 3683 4050 3745; x_wconf 84' lang='lat' dir='ltr'>ad</span> <span class='ocrx_word' id='word_1_306' title='bbox 4087 3702 4302 3763; x_wconf 82' lang='lat' dir='ltr'>portus</span> 
     </span>
     <span class='ocr_line' id='line_1_30' title="bbox 1464 3784 4313 3867; baseline 0.002 -22"><span class='ocrx_word' id='word_1_307' title='bbox 1464 3784 1783 3845; x_wconf 87' lang='lat' dir='ltr'>CPolitani</span> <span class='ocrx_word' id='word_1_308' title='bbox 1836 3788 2053 3855; x_wconf 86' lang='lat' dir='ltr'>situm,</span> <span class='ocrx_word' id='word_1_309' title='bbox 2110 3788 2400 3862; x_wconf 81' lang='lat' dir='ltr'>illiusque</span> <span class='ocrx_word' id='word_1_310' title='bbox 2436 3806 2469 3847; x_wconf 87' lang='lat' dir='ltr'>a</span> <span class='ocrx_word' id='word_1_311' title='bbox 2503 3790 2702 3851; x_wconf 90' lang='lat' dir='ltr'>Cruce</span> <span class='ocrx_word' id='word_1_312' title='bbox 2745 3789 3028 3861; x_wconf 87' lang='lat' dir='ltr'>signatis,</span> <span class='ocrx_word' id='word_1_313' title='bbox 3067 3804 3205 3849; x_wconf 89' lang='lat' dir='ltr'>cum</span> <span class='ocrx_word' id='word_1_314' title='bbox 3254 3790 3334 3850; x_wconf 80' lang='lat' dir='ltr'>A.</span> <span class='ocrx_word' id='word_1_315' title='bbox 3368 3804 3514 3865; x_wconf 72' lang='lat'>1203</span> <span class='ocrx_word' id='word_1_316' title='bbox 3565 3788 3754 3867; x_wconf 71' lang='lat' dir='ltr'>prima</span> <span class='ocrx_word' id='word_1_317' title='bbox 3787 3794 3926 3851; x_wconf 83' lang='lat' dir='ltr'>vice</span> <span class='ocrx_word' id='word_1_318' title='bbox 3965 3792 4178 3853; x_wconf 89' lang='lat' dir='ltr'>urbem</span> <span class='ocrx_word' id='word_1_319' title='bbox 4217 3808 4313 3850; x_wconf 79' lang='lat' dir='ltr'>ca-</span> 
     </span>
     <span class='ocr_line' id='line_1_31' title="bbox 1468 3892 4316 3970; baseline 0.003 -24"><span class='ocrx_word' id='word_1_320' title='bbox 1468 3903 1733 3965; x_wconf 78' lang='lat' dir='ltr'>perent,</span> <span class='ocrx_word' id='word_1_321' title='bbox 1792 3892 2086 3967; x_wconf 87' lang='lat' dir='ltr'>occupati</span> <span class='ocrx_word' id='word_1_322' title='bbox 2114 3893 2447 3955; x_wconf 87' lang='lat' dir='ltr'>historiam.</span> <span class='ocrx_word' id='word_1_323' title='bbox 2521 3897 2759 3970; x_wconf 78' lang='lat' dir='ltr'>Nempe</span> <span class='ocrx_word' id='word_1_324' title='bbox 2795 3906 2865 3951; x_wconf 92' lang='lat' dir='ltr'>ut</span> <span class='ocrx_word' id='word_1_325' title='bbox 2908 3909 3121 3969; x_wconf 86' lang='lat' dir='ltr'>portus</span> <span class='ocrx_word' id='word_1_326' title='bbox 3147 3892 3569 3965; x_wconf 78' lang='lat' dir='ltr'>Dimyathen‘t,</span> <span class='ocrx_word' id='word_1_327' title='bbox 3607 3896 3703 3953; x_wconf 80' lang='lat' dir='ltr'>sic</span> <span class='ocrx_word' id='word_1_328' title='bbox 3741 3894 3914 3953; x_wconf 86' lang='lat' dir='ltr'>etiam</span> <span class='ocrx_word' id='word_1_329' title='bbox 3957 3896 4316 3969; x_wconf 80' lang='lat' dir='ltr'>Byzantini,</span> 
     </span>
     <span class='ocr_line' id='line_1_32' title="bbox 1476 3994 4306 4072; baseline 0.002 -23"><span class='ocrx_word' id='word_1_330' title='bbox 1476 3994 1791 4056; x_wconf 89' lang='lat' dir='ltr'>introitum</span> <span class='ocrx_word' id='word_1_331' title='bbox 1832 3994 1983 4055; x_wconf 85' lang='lat' dir='ltr'>duae</span> <span class='ocrx_word' id='word_1_332' title='bbox 2022 4011 2195 4057; x_wconf 88' lang='lat' dir='ltr'>arces</span> <span class='ocrx_word' id='word_1_333' title='bbox 2250 3999 2617 4069; x_wconf 79' lang='lat' dir='ltr'>tuebantur,</span> <span class='ocrx_word' id='word_1_334' title='bbox 2677 3996 2997 4070; x_wconf 85' lang='lat' dir='ltr'>Acropolis</span> <span class='ocrx_word' id='word_1_335' title='bbox 3050 4008 3120 4051; x_wconf 88' lang='lat' dir='ltr'>et</span> <span class='ocrx_word' id='word_1_336' title='bbox 3162 3994 3343 4053; x_wconf 87' lang='lat' dir='ltr'>turris</span> <span class='ocrx_word' id='word_1_337' title='bbox 3393 3994 3674 4065; x_wconf 82' lang='lat' dir='ltr'>Galatae,</span> <span class='ocrx_word' id='word_1_338' title='bbox 3721 4008 3865 4069; x_wconf 88' lang='lat' dir='ltr'>quas</span> <span class='ocrx_word' id='word_1_339' title='bbox 3911 4008 4116 4056; x_wconf 86' lang='lat' dir='ltr'>catena</span> <span class='ocrx_word' id='word_1_340' title='bbox 4159 4013 4306 4072; x_wconf 77' lang='lat' dir='ltr'>por·-</span> 
     </span>
     <span class='ocr_line' id='line_1_33' title="bbox 1477 4093 4314 4177; baseline 0.001 -22"><span class='ocrx_word' id='word_1_341' title='bbox 1477 4110 1603 4155; x_wconf 79' lang='lat' dir='ltr'>tum</span> <span class='ocrx_word' id='word_1_342' title='bbox 1652 4098 1935 4160; x_wconf 80' lang='lat' dir='ltr'>claudens</span> <span class='ocrx_word' id='word_1_343' title='bbox 1982 4102 2408 4177; x_wconf 72' lang='lat' dir='ltr'>conjungebat.</span> <span class='ocrx_word' id='word_1_344' title='bbox 2498 4100 2670 4176; x_wconf 70' lang='lat' dir='ltr'><strong>(Cf.</strong></span> <span class='ocrx_word' id='word_1_345' title='bbox 2705 4100 2805 4157; x_wconf 86' lang='lat' dir='ltr'>Du</span> <span class='ocrx_word' id='word_1_346' title='bbox 2844 4099 3045 4173; x_wconf 84' lang='lat' dir='ltr'>Cange</span> <span class='ocrx_word' id='word_1_347' title='bbox 3097 4096 3618 4171; x_wconf 60' lang='lat' dir='ltr'>constantinopohs</span> <span class='ocrx_word' id='word_1_348' title='bbox 3639 4093 3864 4161; x_wconf 70' lang='lat' dir='ltr'>christ.</span> <span class='ocrx_word' id='word_1_349' title='bbox 3911 4098 3994 4161; x_wconf 86' lang='lat' dir='ltr'>L.</span> <span class='ocrx_word' id='word_1_350' title='bbox 4025 4099 4077 4162; x_wconf 88' lang='lat'>1.</span> <span class='ocrx_word' id='word_1_351' title='bbox 4118 4102 4198 4164; x_wconf 84' lang='lat' dir='ltr'>C.</span> <span class='ocrx_word' id='word_1_352' title='bbox 4225 4102 4314 4161; x_wconf 86' lang='lat' dir='ltr'>V1&#39;</span> 
     </span>
     <span class='ocr_line' id='line_1_34' title="bbox 1482 4186 4318 4293; baseline -0.001 -28"><span class='ocrx_word' id='word_1_353' title='bbox 1482 4216 1579 4277; x_wconf 53' lang='lat' dir='ltr'>sq,</span> <span class='ocrx_word' id='word_1_354' title='bbox 1612 4217 1685 4277; x_wconf 67' lang='lat' dir='ltr'>p.</span> <span class='ocrx_word' id='word_1_355' title='bbox 1712 4201 2015 4283; x_wconf 66' lang='lat'>9—12.)</span> <span class='ocrx_word' id='word_1_356' title='bbox 2087 4204 2227 4269; x_wconf 83' lang='lat' dir='ltr'>Huc</span> <span class='ocrx_word' id='word_1_357' title='bbox 2273 4186 2469 4283; x_wconf 63' lang='lat' dir='ltr'>ergo‘,</span> <span class='ocrx_word' id='word_1_358' title='bbox 2501 4211 2601 4267; x_wconf 71' lang='lat' dir='ltr'>uti</span> <span class='ocrx_word' id='word_1_359' title='bbox 2631 4217 2838 4267; x_wconf 75' lang='lat' dir='ltr'>omnes</span> <span class='ocrx_word' id='word_1_360' title='bbox 2885 4216 3220 4293; x_wconf 76' lang='lat' dir='ltr'>testantur,</span> <span class='ocrx_word' id='word_1_361' title='bbox 3256 4199 3768 4265; x_wconf 79' lang='lat' dir='ltr'>totaLatinomm</span> <span class='ocrx_word' id='word_1_362' title='bbox 3796 4202 3891 4265; x_wconf 80' lang='lat' dir='ltr'>vis</span> <span class='ocrx_word' id='word_1_363' title='bbox 3925 4202 3990 4263; x_wconf 88' lang='lat' dir='ltr'>in</span> <span class='ocrx_word' id='word_1_364' title='bbox 4033 4204 4170 4280; x_wconf 78' lang='lat' dir='ltr'>ipso</span> <span class='ocrx_word' id='word_1_365' title='bbox 4205 4204 4318 4263; x_wconf 80' lang='lat' dir='ltr'>ob·</span> 
     </span>
     <span class='ocr_line' id='line_1_35' title="bbox 4245 4303 4336 4364; baseline 0 0"><span class='ocrx_word' id='word_1_366' title='bbox 4245 4303 4336 4364; x_wconf 65' lang='grc' dir='ltr'>εὔ</span> 
     </span>
    </p>
   </div>
   <div class='ocr_carea' id='block_1_3' title="bbox 5208 2185 5230 3089">
    <p class='ocr_par' dir='ltr' id='par_1_3' title="bbox 5208 2185 5230 3089">
     <span class='ocr_line' id='line_1_36' title="bbox 5208 2185 5230 3089; baseline 0 0"><span class='ocrx_word' id='word_1_367' title='bbox 5208 2185 5230 3089; x_wconf 95' lang='lat' dir='ltr'> </span> 
     </span>
    </p>
   </div>
   <div class='ocr_carea' id='block_1_4' title="bbox 4811 6058 5227 6084">
    <p class='ocr_par' dir='ltr' id='par_1_4' title="bbox 4811 6058 5227 6084">
     <span class='ocr_line' id='line_1_37' title="bbox 4811 6058 5227 6084; baseline -0.012 0"><span class='ocrx_word' id='word_1_368' title='bbox 4811 6079 4822 6084; x_wconf 71' lang='lat'>-</span> <span class='ocrx_word' id='word_1_369' title='bbox 4843 6058 5227 6082; x_wconf 52' lang='lat' dir='ltr'>-.Am—*bl*-</span> 
     </span>
    </p>
   </div>
  </div>
 </body>
</html>
